%YAML 1.1
%TAG !u! tag:unity3d.com,2011:
--- !u!1 &6468203215480254080
GameObject:
  m_ObjectHideFlags: 0
  m_CorrespondingSourceObject: {fileID: 0}
  m_PrefabInstance: {fileID: 0}
  m_PrefabAsset: {fileID: 0}
  serializedVersion: 6
  m_Component:
  - component: {fileID: 6468203215480254087}
  m_Layer: 0
  m_Name: Level2
  m_TagString: Untagged
  m_Icon: {fileID: 0}
  m_NavMeshLayer: 0
  m_StaticEditorFlags: 0
  m_IsActive: 1
--- !u!4 &6468203215480254087
Transform:
  m_ObjectHideFlags: 0
  m_CorrespondingSourceObject: {fileID: 0}
  m_PrefabInstance: {fileID: 0}
  m_PrefabAsset: {fileID: 0}
  m_GameObject: {fileID: 6468203215480254080}
  m_LocalRotation: {x: 0, y: 0, z: 0, w: 1}
  m_LocalPosition: {x: 0, y: 0, z: 0}
  m_LocalScale: {x: 1, y: 1, z: 1}
  m_ConstrainProportionsScale: 1
  m_Children:
  - {fileID: 6518011694288590149}
  - {fileID: 7323947089219729489}
  - {fileID: 267697648844161701}
  - {fileID: 267697649255724865}
  - {fileID: 267697648915882294}
  - {fileID: 267697649115717067}
  - {fileID: 267697648853950722}
  - {fileID: 492366561711764863}
  - {fileID: 5207870507939855482}
  - {fileID: 7302070159402164602}
  - {fileID: 7412365584342923386}
  - {fileID: 5346101602106823656}
  - {fileID: 3247173022374332813}
  - {fileID: 4361100694811869228}
  - {fileID: 890282935805918962}
  - {fileID: 3062426864807612575}
  m_Father: {fileID: 0}
  m_RootOrder: 0
  m_LocalEulerAnglesHint: {x: 0, y: 0, z: 0}
--- !u!1001 &1223324129
PrefabInstance:
  m_ObjectHideFlags: 0
  serializedVersion: 2
  m_Modification:
    m_TransformParent: {fileID: 6468203215480254087}
    m_Modifications:
    - target: {fileID: 267697647925580002, guid: fdb13336f2e33714cad66e2ec0a2c7d6, type: 3}
      propertyPath: m_Name
      value: BasicEnemySpawnerPlaceHolder (5)
      objectReference: {fileID: 0}
    - target: {fileID: 267697647925580003, guid: fdb13336f2e33714cad66e2ec0a2c7d6, type: 3}
      propertyPath: m_RootOrder
      value: 6
      objectReference: {fileID: 0}
    - target: {fileID: 267697647925580003, guid: fdb13336f2e33714cad66e2ec0a2c7d6, type: 3}
      propertyPath: m_LocalPosition.x
      value: 18
      objectReference: {fileID: 0}
    - target: {fileID: 267697647925580003, guid: fdb13336f2e33714cad66e2ec0a2c7d6, type: 3}
      propertyPath: m_LocalPosition.y
      value: 42.4
      objectReference: {fileID: 0}
    - target: {fileID: 267697647925580003, guid: fdb13336f2e33714cad66e2ec0a2c7d6, type: 3}
      propertyPath: m_LocalPosition.z
      value: 0
      objectReference: {fileID: 0}
    - target: {fileID: 267697647925580003, guid: fdb13336f2e33714cad66e2ec0a2c7d6, type: 3}
      propertyPath: m_LocalRotation.w
      value: 1
      objectReference: {fileID: 0}
    - target: {fileID: 267697647925580003, guid: fdb13336f2e33714cad66e2ec0a2c7d6, type: 3}
      propertyPath: m_LocalRotation.x
      value: 0
      objectReference: {fileID: 0}
    - target: {fileID: 267697647925580003, guid: fdb13336f2e33714cad66e2ec0a2c7d6, type: 3}
      propertyPath: m_LocalRotation.y
      value: 0
      objectReference: {fileID: 0}
    - target: {fileID: 267697647925580003, guid: fdb13336f2e33714cad66e2ec0a2c7d6, type: 3}
      propertyPath: m_LocalRotation.z
      value: 0
      objectReference: {fileID: 0}
    - target: {fileID: 267697647925580003, guid: fdb13336f2e33714cad66e2ec0a2c7d6, type: 3}
      propertyPath: m_LocalEulerAnglesHint.x
      value: 0
      objectReference: {fileID: 0}
    - target: {fileID: 267697647925580003, guid: fdb13336f2e33714cad66e2ec0a2c7d6, type: 3}
      propertyPath: m_LocalEulerAnglesHint.y
      value: 0
      objectReference: {fileID: 0}
    - target: {fileID: 267697647925580003, guid: fdb13336f2e33714cad66e2ec0a2c7d6, type: 3}
      propertyPath: m_LocalEulerAnglesHint.z
      value: 0
      objectReference: {fileID: 0}
    m_RemovedComponents: []
  m_SourcePrefab: {fileID: 100100000, guid: fdb13336f2e33714cad66e2ec0a2c7d6, type: 3}
--- !u!4 &267697648853950722 stripped
Transform:
  m_CorrespondingSourceObject: {fileID: 267697647925580003, guid: fdb13336f2e33714cad66e2ec0a2c7d6, type: 3}
  m_PrefabInstance: {fileID: 1223324129}
  m_PrefabAsset: {fileID: 0}
--- !u!1001 &1231000134
PrefabInstance:
  m_ObjectHideFlags: 0
  serializedVersion: 2
  m_Modification:
    m_TransformParent: {fileID: 6468203215480254087}
    m_Modifications:
    - target: {fileID: 267697647925580002, guid: fdb13336f2e33714cad66e2ec0a2c7d6, type: 3}
      propertyPath: m_Name
      value: BasicEnemySpawnerPlaceHolder (1)
      objectReference: {fileID: 0}
    - target: {fileID: 267697647925580003, guid: fdb13336f2e33714cad66e2ec0a2c7d6, type: 3}
      propertyPath: m_RootOrder
      value: 2
      objectReference: {fileID: 0}
    - target: {fileID: 267697647925580003, guid: fdb13336f2e33714cad66e2ec0a2c7d6, type: 3}
      propertyPath: m_LocalPosition.x
      value: 7.6
      objectReference: {fileID: 0}
    - target: {fileID: 267697647925580003, guid: fdb13336f2e33714cad66e2ec0a2c7d6, type: 3}
      propertyPath: m_LocalPosition.y
      value: 25.6
      objectReference: {fileID: 0}
    - target: {fileID: 267697647925580003, guid: fdb13336f2e33714cad66e2ec0a2c7d6, type: 3}
      propertyPath: m_LocalPosition.z
      value: 0
      objectReference: {fileID: 0}
    - target: {fileID: 267697647925580003, guid: fdb13336f2e33714cad66e2ec0a2c7d6, type: 3}
      propertyPath: m_LocalRotation.w
      value: 1
      objectReference: {fileID: 0}
    - target: {fileID: 267697647925580003, guid: fdb13336f2e33714cad66e2ec0a2c7d6, type: 3}
      propertyPath: m_LocalRotation.x
      value: 0
      objectReference: {fileID: 0}
    - target: {fileID: 267697647925580003, guid: fdb13336f2e33714cad66e2ec0a2c7d6, type: 3}
      propertyPath: m_LocalRotation.y
      value: 0
      objectReference: {fileID: 0}
    - target: {fileID: 267697647925580003, guid: fdb13336f2e33714cad66e2ec0a2c7d6, type: 3}
      propertyPath: m_LocalRotation.z
      value: 0
      objectReference: {fileID: 0}
    - target: {fileID: 267697647925580003, guid: fdb13336f2e33714cad66e2ec0a2c7d6, type: 3}
      propertyPath: m_LocalEulerAnglesHint.x
      value: 0
      objectReference: {fileID: 0}
    - target: {fileID: 267697647925580003, guid: fdb13336f2e33714cad66e2ec0a2c7d6, type: 3}
      propertyPath: m_LocalEulerAnglesHint.y
      value: 0
      objectReference: {fileID: 0}
    - target: {fileID: 267697647925580003, guid: fdb13336f2e33714cad66e2ec0a2c7d6, type: 3}
      propertyPath: m_LocalEulerAnglesHint.z
      value: 0
      objectReference: {fileID: 0}
    m_RemovedComponents: []
  m_SourcePrefab: {fileID: 100100000, guid: fdb13336f2e33714cad66e2ec0a2c7d6, type: 3}
--- !u!4 &267697648844161701 stripped
Transform:
  m_CorrespondingSourceObject: {fileID: 267697647925580003, guid: fdb13336f2e33714cad66e2ec0a2c7d6, type: 3}
  m_PrefabInstance: {fileID: 1231000134}
  m_PrefabAsset: {fileID: 0}
--- !u!1001 &1293513173
PrefabInstance:
  m_ObjectHideFlags: 0
  serializedVersion: 2
  m_Modification:
    m_TransformParent: {fileID: 6468203215480254087}
    m_Modifications:
    - target: {fileID: 267697647925580002, guid: fdb13336f2e33714cad66e2ec0a2c7d6, type: 3}
      propertyPath: m_Name
      value: BasicEnemySpawnerPlaceHolder (3)
      objectReference: {fileID: 0}
    - target: {fileID: 267697647925580003, guid: fdb13336f2e33714cad66e2ec0a2c7d6, type: 3}
      propertyPath: m_RootOrder
      value: 4
      objectReference: {fileID: 0}
    - target: {fileID: 267697647925580003, guid: fdb13336f2e33714cad66e2ec0a2c7d6, type: 3}
      propertyPath: m_LocalPosition.x
      value: 6.3
      objectReference: {fileID: 0}
    - target: {fileID: 267697647925580003, guid: fdb13336f2e33714cad66e2ec0a2c7d6, type: 3}
      propertyPath: m_LocalPosition.y
      value: 35.6
      objectReference: {fileID: 0}
    - target: {fileID: 267697647925580003, guid: fdb13336f2e33714cad66e2ec0a2c7d6, type: 3}
      propertyPath: m_LocalPosition.z
      value: 0
      objectReference: {fileID: 0}
    - target: {fileID: 267697647925580003, guid: fdb13336f2e33714cad66e2ec0a2c7d6, type: 3}
      propertyPath: m_LocalRotation.w
      value: 1
      objectReference: {fileID: 0}
    - target: {fileID: 267697647925580003, guid: fdb13336f2e33714cad66e2ec0a2c7d6, type: 3}
      propertyPath: m_LocalRotation.x
      value: 0
      objectReference: {fileID: 0}
    - target: {fileID: 267697647925580003, guid: fdb13336f2e33714cad66e2ec0a2c7d6, type: 3}
      propertyPath: m_LocalRotation.y
      value: 0
      objectReference: {fileID: 0}
    - target: {fileID: 267697647925580003, guid: fdb13336f2e33714cad66e2ec0a2c7d6, type: 3}
      propertyPath: m_LocalRotation.z
      value: 0
      objectReference: {fileID: 0}
    - target: {fileID: 267697647925580003, guid: fdb13336f2e33714cad66e2ec0a2c7d6, type: 3}
      propertyPath: m_LocalEulerAnglesHint.x
      value: 0
      objectReference: {fileID: 0}
    - target: {fileID: 267697647925580003, guid: fdb13336f2e33714cad66e2ec0a2c7d6, type: 3}
      propertyPath: m_LocalEulerAnglesHint.y
      value: 0
      objectReference: {fileID: 0}
    - target: {fileID: 267697647925580003, guid: fdb13336f2e33714cad66e2ec0a2c7d6, type: 3}
      propertyPath: m_LocalEulerAnglesHint.z
      value: 0
      objectReference: {fileID: 0}
    m_RemovedComponents: []
  m_SourcePrefab: {fileID: 100100000, guid: fdb13336f2e33714cad66e2ec0a2c7d6, type: 3}
--- !u!4 &267697648915882294 stripped
Transform:
  m_CorrespondingSourceObject: {fileID: 267697647925580003, guid: fdb13336f2e33714cad66e2ec0a2c7d6, type: 3}
  m_PrefabInstance: {fileID: 1293513173}
  m_PrefabAsset: {fileID: 0}
--- !u!1001 &1356326818
PrefabInstance:
  m_ObjectHideFlags: 0
  serializedVersion: 2
  m_Modification:
    m_TransformParent: {fileID: 6468203215480254087}
    m_Modifications:
    - target: {fileID: 267697647925580002, guid: fdb13336f2e33714cad66e2ec0a2c7d6, type: 3}
      propertyPath: m_Name
      value: BasicEnemySpawnerPlaceHolder (2)
      objectReference: {fileID: 0}
    - target: {fileID: 267697647925580003, guid: fdb13336f2e33714cad66e2ec0a2c7d6, type: 3}
      propertyPath: m_RootOrder
      value: 3
      objectReference: {fileID: 0}
    - target: {fileID: 267697647925580003, guid: fdb13336f2e33714cad66e2ec0a2c7d6, type: 3}
      propertyPath: m_LocalPosition.x
      value: -6.9
      objectReference: {fileID: 0}
    - target: {fileID: 267697647925580003, guid: fdb13336f2e33714cad66e2ec0a2c7d6, type: 3}
      propertyPath: m_LocalPosition.y
      value: 33.5
      objectReference: {fileID: 0}
    - target: {fileID: 267697647925580003, guid: fdb13336f2e33714cad66e2ec0a2c7d6, type: 3}
      propertyPath: m_LocalPosition.z
      value: 0
      objectReference: {fileID: 0}
    - target: {fileID: 267697647925580003, guid: fdb13336f2e33714cad66e2ec0a2c7d6, type: 3}
      propertyPath: m_LocalRotation.w
      value: 1
      objectReference: {fileID: 0}
    - target: {fileID: 267697647925580003, guid: fdb13336f2e33714cad66e2ec0a2c7d6, type: 3}
      propertyPath: m_LocalRotation.x
      value: 0
      objectReference: {fileID: 0}
    - target: {fileID: 267697647925580003, guid: fdb13336f2e33714cad66e2ec0a2c7d6, type: 3}
      propertyPath: m_LocalRotation.y
      value: 0
      objectReference: {fileID: 0}
    - target: {fileID: 267697647925580003, guid: fdb13336f2e33714cad66e2ec0a2c7d6, type: 3}
      propertyPath: m_LocalRotation.z
      value: 0
      objectReference: {fileID: 0}
    - target: {fileID: 267697647925580003, guid: fdb13336f2e33714cad66e2ec0a2c7d6, type: 3}
      propertyPath: m_LocalEulerAnglesHint.x
      value: 0
      objectReference: {fileID: 0}
    - target: {fileID: 267697647925580003, guid: fdb13336f2e33714cad66e2ec0a2c7d6, type: 3}
      propertyPath: m_LocalEulerAnglesHint.y
      value: 0
      objectReference: {fileID: 0}
    - target: {fileID: 267697647925580003, guid: fdb13336f2e33714cad66e2ec0a2c7d6, type: 3}
      propertyPath: m_LocalEulerAnglesHint.z
      value: 0
      objectReference: {fileID: 0}
    m_RemovedComponents: []
  m_SourcePrefab: {fileID: 100100000, guid: fdb13336f2e33714cad66e2ec0a2c7d6, type: 3}
--- !u!4 &267697649255724865 stripped
Transform:
  m_CorrespondingSourceObject: {fileID: 267697647925580003, guid: fdb13336f2e33714cad66e2ec0a2c7d6, type: 3}
  m_PrefabInstance: {fileID: 1356326818}
  m_PrefabAsset: {fileID: 0}
--- !u!1001 &1500515624
PrefabInstance:
  m_ObjectHideFlags: 0
  serializedVersion: 2
  m_Modification:
    m_TransformParent: {fileID: 6468203215480254087}
    m_Modifications:
    - target: {fileID: 267697647925580002, guid: fdb13336f2e33714cad66e2ec0a2c7d6, type: 3}
      propertyPath: m_Name
      value: BasicEnemySpawnerPlaceHolder (4)
      objectReference: {fileID: 0}
    - target: {fileID: 267697647925580003, guid: fdb13336f2e33714cad66e2ec0a2c7d6, type: 3}
      propertyPath: m_RootOrder
      value: 5
      objectReference: {fileID: 0}
    - target: {fileID: 267697647925580003, guid: fdb13336f2e33714cad66e2ec0a2c7d6, type: 3}
      propertyPath: m_LocalPosition.x
      value: -15.5
      objectReference: {fileID: 0}
    - target: {fileID: 267697647925580003, guid: fdb13336f2e33714cad66e2ec0a2c7d6, type: 3}
      propertyPath: m_LocalPosition.y
      value: 40.5
      objectReference: {fileID: 0}
    - target: {fileID: 267697647925580003, guid: fdb13336f2e33714cad66e2ec0a2c7d6, type: 3}
      propertyPath: m_LocalPosition.z
      value: 0
      objectReference: {fileID: 0}
    - target: {fileID: 267697647925580003, guid: fdb13336f2e33714cad66e2ec0a2c7d6, type: 3}
      propertyPath: m_LocalRotation.w
      value: 1
      objectReference: {fileID: 0}
    - target: {fileID: 267697647925580003, guid: fdb13336f2e33714cad66e2ec0a2c7d6, type: 3}
      propertyPath: m_LocalRotation.x
      value: 0
      objectReference: {fileID: 0}
    - target: {fileID: 267697647925580003, guid: fdb13336f2e33714cad66e2ec0a2c7d6, type: 3}
      propertyPath: m_LocalRotation.y
      value: 0
      objectReference: {fileID: 0}
    - target: {fileID: 267697647925580003, guid: fdb13336f2e33714cad66e2ec0a2c7d6, type: 3}
      propertyPath: m_LocalRotation.z
      value: 0
      objectReference: {fileID: 0}
    - target: {fileID: 267697647925580003, guid: fdb13336f2e33714cad66e2ec0a2c7d6, type: 3}
      propertyPath: m_LocalEulerAnglesHint.x
      value: 0
      objectReference: {fileID: 0}
    - target: {fileID: 267697647925580003, guid: fdb13336f2e33714cad66e2ec0a2c7d6, type: 3}
      propertyPath: m_LocalEulerAnglesHint.y
      value: 0
      objectReference: {fileID: 0}
    - target: {fileID: 267697647925580003, guid: fdb13336f2e33714cad66e2ec0a2c7d6, type: 3}
      propertyPath: m_LocalEulerAnglesHint.z
      value: 0
      objectReference: {fileID: 0}
    m_RemovedComponents: []
  m_SourcePrefab: {fileID: 100100000, guid: fdb13336f2e33714cad66e2ec0a2c7d6, type: 3}
--- !u!4 &267697649115717067 stripped
Transform:
  m_CorrespondingSourceObject: {fileID: 267697647925580003, guid: fdb13336f2e33714cad66e2ec0a2c7d6, type: 3}
  m_PrefabInstance: {fileID: 1500515624}
  m_PrefabAsset: {fileID: 0}
--- !u!1001 &387926741094753692
PrefabInstance:
  m_ObjectHideFlags: 0
  serializedVersion: 2
  m_Modification:
    m_TransformParent: {fileID: 6468203215480254087}
    m_Modifications:
    - target: {fileID: 267697647925580002, guid: fdb13336f2e33714cad66e2ec0a2c7d6, type: 3}
      propertyPath: m_Name
      value: BasicEnemySpawnerPlaceHolder (6)
      objectReference: {fileID: 0}
    - target: {fileID: 267697647925580003, guid: fdb13336f2e33714cad66e2ec0a2c7d6, type: 3}
      propertyPath: m_RootOrder
      value: 7
      objectReference: {fileID: 0}
    - target: {fileID: 267697647925580003, guid: fdb13336f2e33714cad66e2ec0a2c7d6, type: 3}
      propertyPath: m_LocalPosition.x
      value: 0.6
      objectReference: {fileID: 0}
    - target: {fileID: 267697647925580003, guid: fdb13336f2e33714cad66e2ec0a2c7d6, type: 3}
      propertyPath: m_LocalPosition.y
      value: 50.3
      objectReference: {fileID: 0}
    - target: {fileID: 267697647925580003, guid: fdb13336f2e33714cad66e2ec0a2c7d6, type: 3}
      propertyPath: m_LocalPosition.z
      value: 0
      objectReference: {fileID: 0}
    - target: {fileID: 267697647925580003, guid: fdb13336f2e33714cad66e2ec0a2c7d6, type: 3}
      propertyPath: m_LocalRotation.w
      value: 1
      objectReference: {fileID: 0}
    - target: {fileID: 267697647925580003, guid: fdb13336f2e33714cad66e2ec0a2c7d6, type: 3}
      propertyPath: m_LocalRotation.x
      value: 0
      objectReference: {fileID: 0}
    - target: {fileID: 267697647925580003, guid: fdb13336f2e33714cad66e2ec0a2c7d6, type: 3}
      propertyPath: m_LocalRotation.y
      value: 0
      objectReference: {fileID: 0}
    - target: {fileID: 267697647925580003, guid: fdb13336f2e33714cad66e2ec0a2c7d6, type: 3}
      propertyPath: m_LocalRotation.z
      value: 0
      objectReference: {fileID: 0}
    - target: {fileID: 267697647925580003, guid: fdb13336f2e33714cad66e2ec0a2c7d6, type: 3}
      propertyPath: m_LocalEulerAnglesHint.x
      value: 0
      objectReference: {fileID: 0}
    - target: {fileID: 267697647925580003, guid: fdb13336f2e33714cad66e2ec0a2c7d6, type: 3}
      propertyPath: m_LocalEulerAnglesHint.y
      value: 0
      objectReference: {fileID: 0}
    - target: {fileID: 267697647925580003, guid: fdb13336f2e33714cad66e2ec0a2c7d6, type: 3}
      propertyPath: m_LocalEulerAnglesHint.z
      value: 0
      objectReference: {fileID: 0}
    m_RemovedComponents: []
  m_SourcePrefab: {fileID: 100100000, guid: fdb13336f2e33714cad66e2ec0a2c7d6, type: 3}
--- !u!4 &492366561711764863 stripped
Transform:
  m_CorrespondingSourceObject: {fileID: 267697647925580003, guid: fdb13336f2e33714cad66e2ec0a2c7d6, type: 3}
  m_PrefabInstance: {fileID: 387926741094753692}
  m_PrefabAsset: {fileID: 0}
--- !u!1001 &1147826416335875601
PrefabInstance:
  m_ObjectHideFlags: 0
  serializedVersion: 2
  m_Modification:
    m_TransformParent: {fileID: 6468203215480254087}
    m_Modifications:
    - target: {fileID: 267697647925580002, guid: fdb13336f2e33714cad66e2ec0a2c7d6, type: 3}
      propertyPath: m_Name
      value: BasicEnemySpawnerPlaceHolder (11)
      objectReference: {fileID: 0}
    - target: {fileID: 267697647925580003, guid: fdb13336f2e33714cad66e2ec0a2c7d6, type: 3}
      propertyPath: m_RootOrder
      value: 14
      objectReference: {fileID: 0}
    - target: {fileID: 267697647925580003, guid: fdb13336f2e33714cad66e2ec0a2c7d6, type: 3}
      propertyPath: m_LocalPosition.x
      value: -6.4
      objectReference: {fileID: 0}
    - target: {fileID: 267697647925580003, guid: fdb13336f2e33714cad66e2ec0a2c7d6, type: 3}
      propertyPath: m_LocalPosition.y
      value: 81.8
      objectReference: {fileID: 0}
    - target: {fileID: 267697647925580003, guid: fdb13336f2e33714cad66e2ec0a2c7d6, type: 3}
      propertyPath: m_LocalPosition.z
      value: 0
      objectReference: {fileID: 0}
    - target: {fileID: 267697647925580003, guid: fdb13336f2e33714cad66e2ec0a2c7d6, type: 3}
      propertyPath: m_LocalRotation.w
      value: 1
      objectReference: {fileID: 0}
    - target: {fileID: 267697647925580003, guid: fdb13336f2e33714cad66e2ec0a2c7d6, type: 3}
      propertyPath: m_LocalRotation.x
      value: 0
      objectReference: {fileID: 0}
    - target: {fileID: 267697647925580003, guid: fdb13336f2e33714cad66e2ec0a2c7d6, type: 3}
      propertyPath: m_LocalRotation.y
      value: 0
      objectReference: {fileID: 0}
    - target: {fileID: 267697647925580003, guid: fdb13336f2e33714cad66e2ec0a2c7d6, type: 3}
      propertyPath: m_LocalRotation.z
      value: 0
      objectReference: {fileID: 0}
    - target: {fileID: 267697647925580003, guid: fdb13336f2e33714cad66e2ec0a2c7d6, type: 3}
      propertyPath: m_LocalEulerAnglesHint.x
      value: 0
      objectReference: {fileID: 0}
    - target: {fileID: 267697647925580003, guid: fdb13336f2e33714cad66e2ec0a2c7d6, type: 3}
      propertyPath: m_LocalEulerAnglesHint.y
      value: 0
      objectReference: {fileID: 0}
    - target: {fileID: 267697647925580003, guid: fdb13336f2e33714cad66e2ec0a2c7d6, type: 3}
      propertyPath: m_LocalEulerAnglesHint.z
      value: 0
      objectReference: {fileID: 0}
    m_RemovedComponents: []
  m_SourcePrefab: {fileID: 100100000, guid: fdb13336f2e33714cad66e2ec0a2c7d6, type: 3}
--- !u!4 &890282935805918962 stripped
Transform:
  m_CorrespondingSourceObject: {fileID: 267697647925580003, guid: fdb13336f2e33714cad66e2ec0a2c7d6, type: 3}
  m_PrefabInstance: {fileID: 1147826416335875601}
  m_PrefabAsset: {fileID: 0}
--- !u!1001 &3010903284550942844
PrefabInstance:
  m_ObjectHideFlags: 0
  serializedVersion: 2
  m_Modification:
    m_TransformParent: {fileID: 6468203215480254087}
    m_Modifications:
    - target: {fileID: 267697647925580002, guid: fdb13336f2e33714cad66e2ec0a2c7d6, type: 3}
      propertyPath: m_Name
      value: BasicEnemySpawnerPlaceHolder (12)
      objectReference: {fileID: 0}
    - target: {fileID: 267697647925580003, guid: fdb13336f2e33714cad66e2ec0a2c7d6, type: 3}
      propertyPath: m_RootOrder
      value: 15
      objectReference: {fileID: 0}
    - target: {fileID: 267697647925580003, guid: fdb13336f2e33714cad66e2ec0a2c7d6, type: 3}
      propertyPath: m_LocalPosition.x
      value: 6.8
      objectReference: {fileID: 0}
    - target: {fileID: 267697647925580003, guid: fdb13336f2e33714cad66e2ec0a2c7d6, type: 3}
      propertyPath: m_LocalPosition.y
      value: 81.9
      objectReference: {fileID: 0}
    - target: {fileID: 267697647925580003, guid: fdb13336f2e33714cad66e2ec0a2c7d6, type: 3}
      propertyPath: m_LocalPosition.z
      value: 0
      objectReference: {fileID: 0}
    - target: {fileID: 267697647925580003, guid: fdb13336f2e33714cad66e2ec0a2c7d6, type: 3}
      propertyPath: m_LocalRotation.w
      value: 1
      objectReference: {fileID: 0}
    - target: {fileID: 267697647925580003, guid: fdb13336f2e33714cad66e2ec0a2c7d6, type: 3}
      propertyPath: m_LocalRotation.x
      value: 0
      objectReference: {fileID: 0}
    - target: {fileID: 267697647925580003, guid: fdb13336f2e33714cad66e2ec0a2c7d6, type: 3}
      propertyPath: m_LocalRotation.y
      value: 0
      objectReference: {fileID: 0}
    - target: {fileID: 267697647925580003, guid: fdb13336f2e33714cad66e2ec0a2c7d6, type: 3}
      propertyPath: m_LocalRotation.z
      value: 0
      objectReference: {fileID: 0}
    - target: {fileID: 267697647925580003, guid: fdb13336f2e33714cad66e2ec0a2c7d6, type: 3}
      propertyPath: m_LocalEulerAnglesHint.x
      value: 0
      objectReference: {fileID: 0}
    - target: {fileID: 267697647925580003, guid: fdb13336f2e33714cad66e2ec0a2c7d6, type: 3}
      propertyPath: m_LocalEulerAnglesHint.y
      value: 0
      objectReference: {fileID: 0}
    - target: {fileID: 267697647925580003, guid: fdb13336f2e33714cad66e2ec0a2c7d6, type: 3}
      propertyPath: m_LocalEulerAnglesHint.z
      value: 0
      objectReference: {fileID: 0}
    m_RemovedComponents: []
  m_SourcePrefab: {fileID: 100100000, guid: fdb13336f2e33714cad66e2ec0a2c7d6, type: 3}
--- !u!4 &3062426864807612575 stripped
Transform:
  m_CorrespondingSourceObject: {fileID: 267697647925580003, guid: fdb13336f2e33714cad66e2ec0a2c7d6, type: 3}
  m_PrefabInstance: {fileID: 3010903284550942844}
  m_PrefabAsset: {fileID: 0}
--- !u!1001 &3361738382707612014
PrefabInstance:
  m_ObjectHideFlags: 0
  serializedVersion: 2
  m_Modification:
    m_TransformParent: {fileID: 6468203215480254087}
    m_Modifications:
    - target: {fileID: 267697647925580002, guid: fdb13336f2e33714cad66e2ec0a2c7d6, type: 3}
      propertyPath: m_Name
      value: BasicEnemySpawnerPlaceHolder (7)
      objectReference: {fileID: 0}
    - target: {fileID: 267697647925580003, guid: fdb13336f2e33714cad66e2ec0a2c7d6, type: 3}
      propertyPath: m_RootOrder
      value: 12
      objectReference: {fileID: 0}
    - target: {fileID: 267697647925580003, guid: fdb13336f2e33714cad66e2ec0a2c7d6, type: 3}
      propertyPath: m_LocalPosition.x
      value: -18.2
      objectReference: {fileID: 0}
    - target: {fileID: 267697647925580003, guid: fdb13336f2e33714cad66e2ec0a2c7d6, type: 3}
      propertyPath: m_LocalPosition.y
      value: 79.6
      objectReference: {fileID: 0}
    - target: {fileID: 267697647925580003, guid: fdb13336f2e33714cad66e2ec0a2c7d6, type: 3}
      propertyPath: m_LocalPosition.z
      value: 0
      objectReference: {fileID: 0}
    - target: {fileID: 267697647925580003, guid: fdb13336f2e33714cad66e2ec0a2c7d6, type: 3}
      propertyPath: m_LocalRotation.w
      value: 1
      objectReference: {fileID: 0}
    - target: {fileID: 267697647925580003, guid: fdb13336f2e33714cad66e2ec0a2c7d6, type: 3}
      propertyPath: m_LocalRotation.x
      value: 0
      objectReference: {fileID: 0}
    - target: {fileID: 267697647925580003, guid: fdb13336f2e33714cad66e2ec0a2c7d6, type: 3}
      propertyPath: m_LocalRotation.y
      value: 0
      objectReference: {fileID: 0}
    - target: {fileID: 267697647925580003, guid: fdb13336f2e33714cad66e2ec0a2c7d6, type: 3}
      propertyPath: m_LocalRotation.z
      value: 0
      objectReference: {fileID: 0}
    - target: {fileID: 267697647925580003, guid: fdb13336f2e33714cad66e2ec0a2c7d6, type: 3}
      propertyPath: m_LocalEulerAnglesHint.x
      value: 0
      objectReference: {fileID: 0}
    - target: {fileID: 267697647925580003, guid: fdb13336f2e33714cad66e2ec0a2c7d6, type: 3}
      propertyPath: m_LocalEulerAnglesHint.y
      value: 0
      objectReference: {fileID: 0}
    - target: {fileID: 267697647925580003, guid: fdb13336f2e33714cad66e2ec0a2c7d6, type: 3}
      propertyPath: m_LocalEulerAnglesHint.z
      value: 0
      objectReference: {fileID: 0}
    m_RemovedComponents: []
  m_SourcePrefab: {fileID: 100100000, guid: fdb13336f2e33714cad66e2ec0a2c7d6, type: 3}
--- !u!4 &3247173022374332813 stripped
Transform:
  m_CorrespondingSourceObject: {fileID: 267697647925580003, guid: fdb13336f2e33714cad66e2ec0a2c7d6, type: 3}
  m_PrefabInstance: {fileID: 3361738382707612014}
  m_PrefabAsset: {fileID: 0}
--- !u!1001 &4553896161399230671
PrefabInstance:
  m_ObjectHideFlags: 0
  serializedVersion: 2
  m_Modification:
    m_TransformParent: {fileID: 6468203215480254087}
    m_Modifications:
    - target: {fileID: 267697647925580002, guid: fdb13336f2e33714cad66e2ec0a2c7d6, type: 3}
      propertyPath: m_Name
      value: BasicEnemySpawnerPlaceHolder (9)
      objectReference: {fileID: 0}
    - target: {fileID: 267697647925580003, guid: fdb13336f2e33714cad66e2ec0a2c7d6, type: 3}
      propertyPath: m_RootOrder
      value: 13
      objectReference: {fileID: 0}
    - target: {fileID: 267697647925580003, guid: fdb13336f2e33714cad66e2ec0a2c7d6, type: 3}
      propertyPath: m_LocalPosition.x
      value: 17.1
      objectReference: {fileID: 0}
    - target: {fileID: 267697647925580003, guid: fdb13336f2e33714cad66e2ec0a2c7d6, type: 3}
      propertyPath: m_LocalPosition.y
      value: 76.8
      objectReference: {fileID: 0}
    - target: {fileID: 267697647925580003, guid: fdb13336f2e33714cad66e2ec0a2c7d6, type: 3}
      propertyPath: m_LocalPosition.z
      value: 0
      objectReference: {fileID: 0}
    - target: {fileID: 267697647925580003, guid: fdb13336f2e33714cad66e2ec0a2c7d6, type: 3}
      propertyPath: m_LocalRotation.w
      value: 1
      objectReference: {fileID: 0}
    - target: {fileID: 267697647925580003, guid: fdb13336f2e33714cad66e2ec0a2c7d6, type: 3}
      propertyPath: m_LocalRotation.x
      value: 0
      objectReference: {fileID: 0}
    - target: {fileID: 267697647925580003, guid: fdb13336f2e33714cad66e2ec0a2c7d6, type: 3}
      propertyPath: m_LocalRotation.y
      value: 0
      objectReference: {fileID: 0}
    - target: {fileID: 267697647925580003, guid: fdb13336f2e33714cad66e2ec0a2c7d6, type: 3}
      propertyPath: m_LocalRotation.z
      value: 0
      objectReference: {fileID: 0}
    - target: {fileID: 267697647925580003, guid: fdb13336f2e33714cad66e2ec0a2c7d6, type: 3}
      propertyPath: m_LocalEulerAnglesHint.x
      value: 0
      objectReference: {fileID: 0}
    - target: {fileID: 267697647925580003, guid: fdb13336f2e33714cad66e2ec0a2c7d6, type: 3}
      propertyPath: m_LocalEulerAnglesHint.y
      value: 0
      objectReference: {fileID: 0}
    - target: {fileID: 267697647925580003, guid: fdb13336f2e33714cad66e2ec0a2c7d6, type: 3}
      propertyPath: m_LocalEulerAnglesHint.z
      value: 0
      objectReference: {fileID: 0}
    m_RemovedComponents: []
  m_SourcePrefab: {fileID: 100100000, guid: fdb13336f2e33714cad66e2ec0a2c7d6, type: 3}
--- !u!4 &4361100694811869228 stripped
Transform:
  m_CorrespondingSourceObject: {fileID: 267697647925580003, guid: fdb13336f2e33714cad66e2ec0a2c7d6, type: 3}
  m_PrefabInstance: {fileID: 4553896161399230671}
  m_PrefabAsset: {fileID: 0}
--- !u!1001 &5297964354211578635
PrefabInstance:
  m_ObjectHideFlags: 0
  serializedVersion: 2
  m_Modification:
    m_TransformParent: {fileID: 6468203215480254087}
    m_Modifications:
    - target: {fileID: 267697647925580002, guid: fdb13336f2e33714cad66e2ec0a2c7d6, type: 3}
      propertyPath: m_Name
      value: BasicEnemySpawnerPlaceHolder (10)
      objectReference: {fileID: 0}
    - target: {fileID: 267697647925580003, guid: fdb13336f2e33714cad66e2ec0a2c7d6, type: 3}
      propertyPath: m_RootOrder
      value: 11
      objectReference: {fileID: 0}
    - target: {fileID: 267697647925580003, guid: fdb13336f2e33714cad66e2ec0a2c7d6, type: 3}
      propertyPath: m_LocalPosition.x
      value: 13.3
      objectReference: {fileID: 0}
    - target: {fileID: 267697647925580003, guid: fdb13336f2e33714cad66e2ec0a2c7d6, type: 3}
      propertyPath: m_LocalPosition.y
      value: 69.9
      objectReference: {fileID: 0}
    - target: {fileID: 267697647925580003, guid: fdb13336f2e33714cad66e2ec0a2c7d6, type: 3}
      propertyPath: m_LocalPosition.z
      value: 0
      objectReference: {fileID: 0}
    - target: {fileID: 267697647925580003, guid: fdb13336f2e33714cad66e2ec0a2c7d6, type: 3}
      propertyPath: m_LocalRotation.w
      value: 1
      objectReference: {fileID: 0}
    - target: {fileID: 267697647925580003, guid: fdb13336f2e33714cad66e2ec0a2c7d6, type: 3}
      propertyPath: m_LocalRotation.x
      value: 0
      objectReference: {fileID: 0}
    - target: {fileID: 267697647925580003, guid: fdb13336f2e33714cad66e2ec0a2c7d6, type: 3}
      propertyPath: m_LocalRotation.y
      value: 0
      objectReference: {fileID: 0}
    - target: {fileID: 267697647925580003, guid: fdb13336f2e33714cad66e2ec0a2c7d6, type: 3}
      propertyPath: m_LocalRotation.z
      value: 0
      objectReference: {fileID: 0}
    - target: {fileID: 267697647925580003, guid: fdb13336f2e33714cad66e2ec0a2c7d6, type: 3}
      propertyPath: m_LocalEulerAnglesHint.x
      value: 0
      objectReference: {fileID: 0}
    - target: {fileID: 267697647925580003, guid: fdb13336f2e33714cad66e2ec0a2c7d6, type: 3}
      propertyPath: m_LocalEulerAnglesHint.y
      value: 0
      objectReference: {fileID: 0}
    - target: {fileID: 267697647925580003, guid: fdb13336f2e33714cad66e2ec0a2c7d6, type: 3}
      propertyPath: m_LocalEulerAnglesHint.z
      value: 0
      objectReference: {fileID: 0}
    m_RemovedComponents: []
  m_SourcePrefab: {fileID: 100100000, guid: fdb13336f2e33714cad66e2ec0a2c7d6, type: 3}
--- !u!4 &5346101602106823656 stripped
Transform:
  m_CorrespondingSourceObject: {fileID: 267697647925580003, guid: fdb13336f2e33714cad66e2ec0a2c7d6, type: 3}
  m_PrefabInstance: {fileID: 5297964354211578635}
  m_PrefabAsset: {fileID: 0}
--- !u!1001 &5472189338050833561
PrefabInstance:
  m_ObjectHideFlags: 0
  serializedVersion: 2
  m_Modification:
    m_TransformParent: {fileID: 6468203215480254087}
    m_Modifications:
    - target: {fileID: 267697647925580002, guid: fdb13336f2e33714cad66e2ec0a2c7d6, type: 3}
      propertyPath: m_Name
      value: BasicEnemySpawnerPlaceHolder (14)
      objectReference: {fileID: 0}
    - target: {fileID: 267697647925580003, guid: fdb13336f2e33714cad66e2ec0a2c7d6, type: 3}
      propertyPath: m_RootOrder
      value: 8
      objectReference: {fileID: 0}
    - target: {fileID: 267697647925580003, guid: fdb13336f2e33714cad66e2ec0a2c7d6, type: 3}
      propertyPath: m_LocalPosition.x
      value: 6.3
      objectReference: {fileID: 0}
    - target: {fileID: 267697647925580003, guid: fdb13336f2e33714cad66e2ec0a2c7d6, type: 3}
      propertyPath: m_LocalPosition.y
      value: 57.4
      objectReference: {fileID: 0}
    - target: {fileID: 267697647925580003, guid: fdb13336f2e33714cad66e2ec0a2c7d6, type: 3}
      propertyPath: m_LocalPosition.z
      value: 0
      objectReference: {fileID: 0}
    - target: {fileID: 267697647925580003, guid: fdb13336f2e33714cad66e2ec0a2c7d6, type: 3}
      propertyPath: m_LocalRotation.w
      value: 1
      objectReference: {fileID: 0}
    - target: {fileID: 267697647925580003, guid: fdb13336f2e33714cad66e2ec0a2c7d6, type: 3}
      propertyPath: m_LocalRotation.x
      value: 0
      objectReference: {fileID: 0}
    - target: {fileID: 267697647925580003, guid: fdb13336f2e33714cad66e2ec0a2c7d6, type: 3}
      propertyPath: m_LocalRotation.y
      value: 0
      objectReference: {fileID: 0}
    - target: {fileID: 267697647925580003, guid: fdb13336f2e33714cad66e2ec0a2c7d6, type: 3}
      propertyPath: m_LocalRotation.z
      value: 0
      objectReference: {fileID: 0}
    - target: {fileID: 267697647925580003, guid: fdb13336f2e33714cad66e2ec0a2c7d6, type: 3}
      propertyPath: m_LocalEulerAnglesHint.x
      value: 0
      objectReference: {fileID: 0}
    - target: {fileID: 267697647925580003, guid: fdb13336f2e33714cad66e2ec0a2c7d6, type: 3}
      propertyPath: m_LocalEulerAnglesHint.y
      value: 0
      objectReference: {fileID: 0}
    - target: {fileID: 267697647925580003, guid: fdb13336f2e33714cad66e2ec0a2c7d6, type: 3}
      propertyPath: m_LocalEulerAnglesHint.z
      value: 0
      objectReference: {fileID: 0}
    m_RemovedComponents: []
  m_SourcePrefab: {fileID: 100100000, guid: fdb13336f2e33714cad66e2ec0a2c7d6, type: 3}
--- !u!4 &5207870507939855482 stripped
Transform:
  m_CorrespondingSourceObject: {fileID: 267697647925580003, guid: fdb13336f2e33714cad66e2ec0a2c7d6, type: 3}
  m_PrefabInstance: {fileID: 5472189338050833561}
  m_PrefabAsset: {fileID: 0}
--- !u!1001 &6468203214446921126
PrefabInstance:
  m_ObjectHideFlags: 0
  serializedVersion: 2
  m_Modification:
    m_TransformParent: {fileID: 6468203215480254087}
    m_Modifications:
    - target: {fileID: 267697647925580002, guid: fdb13336f2e33714cad66e2ec0a2c7d6, type: 3}
      propertyPath: m_Name
      value: SmallEnemyPlaceHolder (1)
      objectReference: {fileID: 0}
    - target: {fileID: 267697647925580003, guid: fdb13336f2e33714cad66e2ec0a2c7d6, type: 3}
      propertyPath: m_RootOrder
      value: 0
      objectReference: {fileID: 0}
    - target: {fileID: 267697647925580003, guid: fdb13336f2e33714cad66e2ec0a2c7d6, type: 3}
      propertyPath: m_LocalPosition.x
      value: 0
      objectReference: {fileID: 0}
    - target: {fileID: 267697647925580003, guid: fdb13336f2e33714cad66e2ec0a2c7d6, type: 3}
      propertyPath: m_LocalPosition.y
      value: 18.2
      objectReference: {fileID: 0}
    - target: {fileID: 267697647925580003, guid: fdb13336f2e33714cad66e2ec0a2c7d6, type: 3}
      propertyPath: m_LocalPosition.z
      value: 0
      objectReference: {fileID: 0}
    - target: {fileID: 267697647925580003, guid: fdb13336f2e33714cad66e2ec0a2c7d6, type: 3}
      propertyPath: m_LocalRotation.w
      value: 1
      objectReference: {fileID: 0}
    - target: {fileID: 267697647925580003, guid: fdb13336f2e33714cad66e2ec0a2c7d6, type: 3}
      propertyPath: m_LocalRotation.x
      value: -0
      objectReference: {fileID: 0}
    - target: {fileID: 267697647925580003, guid: fdb13336f2e33714cad66e2ec0a2c7d6, type: 3}
      propertyPath: m_LocalRotation.y
      value: -0
      objectReference: {fileID: 0}
    - target: {fileID: 267697647925580003, guid: fdb13336f2e33714cad66e2ec0a2c7d6, type: 3}
      propertyPath: m_LocalRotation.z
      value: -0
      objectReference: {fileID: 0}
    - target: {fileID: 267697647925580003, guid: fdb13336f2e33714cad66e2ec0a2c7d6, type: 3}
      propertyPath: m_LocalEulerAnglesHint.x
      value: 0
      objectReference: {fileID: 0}
    - target: {fileID: 267697647925580003, guid: fdb13336f2e33714cad66e2ec0a2c7d6, type: 3}
      propertyPath: m_LocalEulerAnglesHint.y
      value: 0
      objectReference: {fileID: 0}
    - target: {fileID: 267697647925580003, guid: fdb13336f2e33714cad66e2ec0a2c7d6, type: 3}
      propertyPath: m_LocalEulerAnglesHint.z
      value: 0
      objectReference: {fileID: 0}
    - target: {fileID: 7410363447021015249, guid: fdb13336f2e33714cad66e2ec0a2c7d6, type: 3}
      propertyPath: howMany
      value: 3
      objectReference: {fileID: 0}
    m_RemovedComponents: []
  m_SourcePrefab: {fileID: 100100000, guid: fdb13336f2e33714cad66e2ec0a2c7d6, type: 3}
--- !u!4 &6518011694288590149 stripped
Transform:
  m_CorrespondingSourceObject: {fileID: 267697647925580003, guid: fdb13336f2e33714cad66e2ec0a2c7d6, type: 3}
  m_PrefabInstance: {fileID: 6468203214446921126}
  m_PrefabAsset: {fileID: 0}
--- !u!1001 &7307388009460590745
PrefabInstance:
  m_ObjectHideFlags: 0
  serializedVersion: 2
  m_Modification:
    m_TransformParent: {fileID: 6468203215480254087}
    m_Modifications:
    - target: {fileID: 267697647925580002, guid: fdb13336f2e33714cad66e2ec0a2c7d6, type: 3}
      propertyPath: m_Name
      value: BasicEnemySpawnerPlaceHolder (8)
      objectReference: {fileID: 0}
    - target: {fileID: 267697647925580003, guid: fdb13336f2e33714cad66e2ec0a2c7d6, type: 3}
      propertyPath: m_RootOrder
      value: 10
      objectReference: {fileID: 0}
    - target: {fileID: 267697647925580003, guid: fdb13336f2e33714cad66e2ec0a2c7d6, type: 3}
      propertyPath: m_LocalPosition.x
      value: -15.5
      objectReference: {fileID: 0}
    - target: {fileID: 267697647925580003, guid: fdb13336f2e33714cad66e2ec0a2c7d6, type: 3}
      propertyPath: m_LocalPosition.y
      value: 73.5
      objectReference: {fileID: 0}
    - target: {fileID: 267697647925580003, guid: fdb13336f2e33714cad66e2ec0a2c7d6, type: 3}
      propertyPath: m_LocalPosition.z
      value: 0
      objectReference: {fileID: 0}
    - target: {fileID: 267697647925580003, guid: fdb13336f2e33714cad66e2ec0a2c7d6, type: 3}
      propertyPath: m_LocalRotation.w
      value: 1
      objectReference: {fileID: 0}
    - target: {fileID: 267697647925580003, guid: fdb13336f2e33714cad66e2ec0a2c7d6, type: 3}
      propertyPath: m_LocalRotation.x
      value: 0
      objectReference: {fileID: 0}
    - target: {fileID: 267697647925580003, guid: fdb13336f2e33714cad66e2ec0a2c7d6, type: 3}
      propertyPath: m_LocalRotation.y
      value: 0
      objectReference: {fileID: 0}
    - target: {fileID: 267697647925580003, guid: fdb13336f2e33714cad66e2ec0a2c7d6, type: 3}
      propertyPath: m_LocalRotation.z
      value: 0
      objectReference: {fileID: 0}
    - target: {fileID: 267697647925580003, guid: fdb13336f2e33714cad66e2ec0a2c7d6, type: 3}
      propertyPath: m_LocalEulerAnglesHint.x
      value: 0
      objectReference: {fileID: 0}
    - target: {fileID: 267697647925580003, guid: fdb13336f2e33714cad66e2ec0a2c7d6, type: 3}
      propertyPath: m_LocalEulerAnglesHint.y
      value: 0
      objectReference: {fileID: 0}
    - target: {fileID: 267697647925580003, guid: fdb13336f2e33714cad66e2ec0a2c7d6, type: 3}
      propertyPath: m_LocalEulerAnglesHint.z
      value: 0
      objectReference: {fileID: 0}
    m_RemovedComponents: []
  m_SourcePrefab: {fileID: 100100000, guid: fdb13336f2e33714cad66e2ec0a2c7d6, type: 3}
--- !u!4 &7412365584342923386 stripped
Transform:
  m_CorrespondingSourceObject: {fileID: 267697647925580003, guid: fdb13336f2e33714cad66e2ec0a2c7d6, type: 3}
  m_PrefabInstance: {fileID: 7307388009460590745}
  m_PrefabAsset: {fileID: 0}
--- !u!1001 &7355766348372076722
PrefabInstance:
  m_ObjectHideFlags: 0
  serializedVersion: 2
  m_Modification:
    m_TransformParent: {fileID: 6468203215480254087}
    m_Modifications:
    - target: {fileID: 267697647925580002, guid: fdb13336f2e33714cad66e2ec0a2c7d6, type: 3}
      propertyPath: m_Name
      value: BasicEnemySpawnerPlaceHolder
      objectReference: {fileID: 0}
    - target: {fileID: 267697647925580003, guid: fdb13336f2e33714cad66e2ec0a2c7d6, type: 3}
      propertyPath: m_RootOrder
      value: 1
      objectReference: {fileID: 0}
    - target: {fileID: 267697647925580003, guid: fdb13336f2e33714cad66e2ec0a2c7d6, type: 3}
      propertyPath: m_LocalPosition.x
      value: -6.9
      objectReference: {fileID: 0}
    - target: {fileID: 267697647925580003, guid: fdb13336f2e33714cad66e2ec0a2c7d6, type: 3}
      propertyPath: m_LocalPosition.y
      value: 25.6
      objectReference: {fileID: 0}
    - target: {fileID: 267697647925580003, guid: fdb13336f2e33714cad66e2ec0a2c7d6, type: 3}
      propertyPath: m_LocalPosition.z
      value: 0
      objectReference: {fileID: 0}
    - target: {fileID: 267697647925580003, guid: fdb13336f2e33714cad66e2ec0a2c7d6, type: 3}
      propertyPath: m_LocalRotation.w
      value: 1
      objectReference: {fileID: 0}
    - target: {fileID: 267697647925580003, guid: fdb13336f2e33714cad66e2ec0a2c7d6, type: 3}
      propertyPath: m_LocalRotation.x
      value: 0
      objectReference: {fileID: 0}
    - target: {fileID: 267697647925580003, guid: fdb13336f2e33714cad66e2ec0a2c7d6, type: 3}
      propertyPath: m_LocalRotation.y
      value: 0
      objectReference: {fileID: 0}
    - target: {fileID: 267697647925580003, guid: fdb13336f2e33714cad66e2ec0a2c7d6, type: 3}
      propertyPath: m_LocalRotation.z
      value: 0
      objectReference: {fileID: 0}
    - target: {fileID: 267697647925580003, guid: fdb13336f2e33714cad66e2ec0a2c7d6, type: 3}
      propertyPath: m_LocalEulerAnglesHint.x
      value: 0
      objectReference: {fileID: 0}
    - target: {fileID: 267697647925580003, guid: fdb13336f2e33714cad66e2ec0a2c7d6, type: 3}
      propertyPath: m_LocalEulerAnglesHint.y
      value: 0
      objectReference: {fileID: 0}
    - target: {fileID: 267697647925580003, guid: fdb13336f2e33714cad66e2ec0a2c7d6, type: 3}
      propertyPath: m_LocalEulerAnglesHint.z
      value: 0
      objectReference: {fileID: 0}
    m_RemovedComponents: []
  m_SourcePrefab: {fileID: 100100000, guid: fdb13336f2e33714cad66e2ec0a2c7d6, type: 3}
--- !u!4 &7323947089219729489 stripped
Transform:
  m_CorrespondingSourceObject: {fileID: 267697647925580003, guid: fdb13336f2e33714cad66e2ec0a2c7d6, type: 3}
  m_PrefabInstance: {fileID: 7355766348372076722}
  m_PrefabAsset: {fileID: 0}
--- !u!1001 &7413249929179214233
PrefabInstance:
  m_ObjectHideFlags: 0
  serializedVersion: 2
  m_Modification:
    m_TransformParent: {fileID: 6468203215480254087}
    m_Modifications:
    - target: {fileID: 267697647925580002, guid: fdb13336f2e33714cad66e2ec0a2c7d6, type: 3}
      propertyPath: m_Name
      value: BasicEnemySpawnerPlaceHolder (13)
      objectReference: {fileID: 0}
    - target: {fileID: 267697647925580003, guid: fdb13336f2e33714cad66e2ec0a2c7d6, type: 3}
      propertyPath: m_RootOrder
      value: 9
      objectReference: {fileID: 0}
    - target: {fileID: 267697647925580003, guid: fdb13336f2e33714cad66e2ec0a2c7d6, type: 3}
      propertyPath: m_LocalPosition.x
      value: -5.4
      objectReference: {fileID: 0}
    - target: {fileID: 267697647925580003, guid: fdb13336f2e33714cad66e2ec0a2c7d6, type: 3}
      propertyPath: m_LocalPosition.y
      value: 57.4
      objectReference: {fileID: 0}
    - target: {fileID: 267697647925580003, guid: fdb13336f2e33714cad66e2ec0a2c7d6, type: 3}
      propertyPath: m_LocalPosition.z
      value: 0
      objectReference: {fileID: 0}
    - target: {fileID: 267697647925580003, guid: fdb13336f2e33714cad66e2ec0a2c7d6, type: 3}
      propertyPath: m_LocalRotation.w
      value: 1
      objectReference: {fileID: 0}
    - target: {fileID: 267697647925580003, guid: fdb13336f2e33714cad66e2ec0a2c7d6, type: 3}
      propertyPath: m_LocalRotation.x
      value: 0
      objectReference: {fileID: 0}
    - target: {fileID: 267697647925580003, guid: fdb13336f2e33714cad66e2ec0a2c7d6, type: 3}
      propertyPath: m_LocalRotation.y
      value: 0
      objectReference: {fileID: 0}
    - target: {fileID: 267697647925580003, guid: fdb13336f2e33714cad66e2ec0a2c7d6, type: 3}
      propertyPath: m_LocalRotation.z
      value: 0
      objectReference: {fileID: 0}
    - target: {fileID: 267697647925580003, guid: fdb13336f2e33714cad66e2ec0a2c7d6, type: 3}
      propertyPath: m_LocalEulerAnglesHint.x
      value: 0
      objectReference: {fileID: 0}
    - target: {fileID: 267697647925580003, guid: fdb13336f2e33714cad66e2ec0a2c7d6, type: 3}
      propertyPath: m_LocalEulerAnglesHint.y
      value: 0
      objectReference: {fileID: 0}
    - target: {fileID: 267697647925580003, guid: fdb13336f2e33714cad66e2ec0a2c7d6, type: 3}
      propertyPath: m_LocalEulerAnglesHint.z
      value: 0
      objectReference: {fileID: 0}
    m_RemovedComponents: []
  m_SourcePrefab: {fileID: 100100000, guid: fdb13336f2e33714cad66e2ec0a2c7d6, type: 3}
--- !u!4 &7302070159402164602 stripped
Transform:
  m_CorrespondingSourceObject: {fileID: 267697647925580003, guid: fdb13336f2e33714cad66e2ec0a2c7d6, type: 3}
  m_PrefabInstance: {fileID: 7413249929179214233}
  m_PrefabAsset: {fileID: 0}
