%YAML 1.1
%TAG !u! tag:unity3d.com,2011:
--- !u!1 &2496280847010336918
GameObject:
  m_ObjectHideFlags: 0
  m_CorrespondingSourceObject: {fileID: 0}
  m_PrefabInstance: {fileID: 0}
  m_PrefabAsset: {fileID: 0}
  serializedVersion: 6
  m_Component:
  - component: {fileID: 2496280847010336921}
  m_Layer: 0
  m_Name: Level1
  m_TagString: Untagged
  m_Icon: {fileID: 0}
  m_NavMeshLayer: 0
  m_StaticEditorFlags: 0
  m_IsActive: 1
--- !u!4 &2496280847010336921
Transform:
  m_ObjectHideFlags: 0
  m_CorrespondingSourceObject: {fileID: 0}
  m_PrefabInstance: {fileID: 0}
  m_PrefabAsset: {fileID: 0}
  m_GameObject: {fileID: 2496280847010336918}
  m_LocalRotation: {x: 0, y: 0, z: 0, w: 1}
  m_LocalPosition: {x: 0, y: 90, z: 0}
  m_LocalScale: {x: 1, y: 1, z: 1}
  m_ConstrainProportionsScale: 1
  m_Children:
  - {fileID: 2383424152691095336}
  - {fileID: 2383424153925941357}
  - {fileID: 2383424153595074803}
  - {fileID: 2383424153210129312}
  - {fileID: 2383424153536975612}
  - {fileID: 2383424154531817050}
  - {fileID: 2383424152775434829}
  - {fileID: 2383424153707254860}
  - {fileID: 2383424154074482976}
  - {fileID: 2383424154270102485}
  - {fileID: 2383424153174096144}
  - {fileID: 2383424152772954761}
  - {fileID: 2383424152545152338}
  - {fileID: 2383424154387671132}
  - {fileID: 2383424154407925134}
  - {fileID: 2383424152776792530}
  - {fileID: 2383424152511366722}
  - {fileID: 2383424154422945076}
  - {fileID: 2383424153191580955}
  - {fileID: 883880438920188814}
  m_Father: {fileID: 0}
  m_RootOrder: 0
  m_LocalEulerAnglesHint: {x: 0, y: 0, z: 0}
--- !u!1001 &2496280845586328051
PrefabInstance:
  m_ObjectHideFlags: 0
  serializedVersion: 2
  m_Modification:
    m_TransformParent: {fileID: 2496280847010336921}
    m_Modifications:
    - target: {fileID: 267697647925580002, guid: fdb13336f2e33714cad66e2ec0a2c7d6, type: 3}
      propertyPath: m_Name
      value: SmallEnemyPlaceHolder (10)
      objectReference: {fileID: 0}
    - target: {fileID: 267697647925580003, guid: fdb13336f2e33714cad66e2ec0a2c7d6, type: 3}
      propertyPath: m_RootOrder
      value: 10
      objectReference: {fileID: 0}
    - target: {fileID: 267697647925580003, guid: fdb13336f2e33714cad66e2ec0a2c7d6, type: 3}
      propertyPath: m_LocalPosition.x
      value: -0.099999905
      objectReference: {fileID: 0}
    - target: {fileID: 267697647925580003, guid: fdb13336f2e33714cad66e2ec0a2c7d6, type: 3}
      propertyPath: m_LocalPosition.y
      value: -10.93672
      objectReference: {fileID: 0}
    - target: {fileID: 267697647925580003, guid: fdb13336f2e33714cad66e2ec0a2c7d6, type: 3}
      propertyPath: m_LocalPosition.z
      value: 0
      objectReference: {fileID: 0}
    - target: {fileID: 267697647925580003, guid: fdb13336f2e33714cad66e2ec0a2c7d6, type: 3}
      propertyPath: m_LocalRotation.w
      value: 1
      objectReference: {fileID: 0}
    - target: {fileID: 267697647925580003, guid: fdb13336f2e33714cad66e2ec0a2c7d6, type: 3}
      propertyPath: m_LocalRotation.x
      value: -0
      objectReference: {fileID: 0}
    - target: {fileID: 267697647925580003, guid: fdb13336f2e33714cad66e2ec0a2c7d6, type: 3}
      propertyPath: m_LocalRotation.y
      value: -0
      objectReference: {fileID: 0}
    - target: {fileID: 267697647925580003, guid: fdb13336f2e33714cad66e2ec0a2c7d6, type: 3}
      propertyPath: m_LocalRotation.z
      value: -0
      objectReference: {fileID: 0}
    - target: {fileID: 267697647925580003, guid: fdb13336f2e33714cad66e2ec0a2c7d6, type: 3}
      propertyPath: m_LocalEulerAnglesHint.x
      value: 0
      objectReference: {fileID: 0}
    - target: {fileID: 267697647925580003, guid: fdb13336f2e33714cad66e2ec0a2c7d6, type: 3}
      propertyPath: m_LocalEulerAnglesHint.y
      value: 0
      objectReference: {fileID: 0}
    - target: {fileID: 267697647925580003, guid: fdb13336f2e33714cad66e2ec0a2c7d6, type: 3}
      propertyPath: m_LocalEulerAnglesHint.z
      value: 0
      objectReference: {fileID: 0}
    - target: {fileID: 7410363447021015249, guid: fdb13336f2e33714cad66e2ec0a2c7d6, type: 3}
      propertyPath: weaponList.Array.size
      value: 1
      objectReference: {fileID: 0}
    - target: {fileID: 7410363447021015249, guid: fdb13336f2e33714cad66e2ec0a2c7d6, type: 3}
      propertyPath: weaponList.Array.data[0].health
      value: 300
      objectReference: {fileID: 0}
    - target: {fileID: 7410363447021015249, guid: fdb13336f2e33714cad66e2ec0a2c7d6, type: 3}
      propertyPath: weaponList.Array.data[0].enemyObject
      value: 
      objectReference: {fileID: 8631148090389410685, guid: bbb55277b22adf842b5f217d202ab23c, type: 3}
    m_RemovedComponents: []
  m_SourcePrefab: {fileID: 100100000, guid: fdb13336f2e33714cad66e2ec0a2c7d6, type: 3}
--- !u!4 &2383424153174096144 stripped
Transform:
  m_CorrespondingSourceObject: {fileID: 267697647925580003, guid: fdb13336f2e33714cad66e2ec0a2c7d6, type: 3}
  m_PrefabInstance: {fileID: 2496280845586328051}
  m_PrefabAsset: {fileID: 0}
--- !u!1001 &2496280845957126979
PrefabInstance:
  m_ObjectHideFlags: 0
  serializedVersion: 2
  m_Modification:
    m_TransformParent: {fileID: 2496280847010336921}
    m_Modifications:
    - target: {fileID: 267697647925580002, guid: fdb13336f2e33714cad66e2ec0a2c7d6, type: 3}
      propertyPath: m_Name
      value: SmallEnemyPlaceHolder (3)
      objectReference: {fileID: 0}
    - target: {fileID: 267697647925580003, guid: fdb13336f2e33714cad66e2ec0a2c7d6, type: 3}
      propertyPath: m_RootOrder
      value: 3
      objectReference: {fileID: 0}
    - target: {fileID: 267697647925580003, guid: fdb13336f2e33714cad66e2ec0a2c7d6, type: 3}
      propertyPath: m_LocalPosition.x
      value: -1.4
      objectReference: {fileID: 0}
    - target: {fileID: 267697647925580003, guid: fdb13336f2e33714cad66e2ec0a2c7d6, type: 3}
      propertyPath: m_LocalPosition.y
      value: -61.499996
      objectReference: {fileID: 0}
    - target: {fileID: 267697647925580003, guid: fdb13336f2e33714cad66e2ec0a2c7d6, type: 3}
      propertyPath: m_LocalPosition.z
      value: 0
      objectReference: {fileID: 0}
    - target: {fileID: 267697647925580003, guid: fdb13336f2e33714cad66e2ec0a2c7d6, type: 3}
      propertyPath: m_LocalRotation.w
      value: 1
      objectReference: {fileID: 0}
    - target: {fileID: 267697647925580003, guid: fdb13336f2e33714cad66e2ec0a2c7d6, type: 3}
      propertyPath: m_LocalRotation.x
      value: -0
      objectReference: {fileID: 0}
    - target: {fileID: 267697647925580003, guid: fdb13336f2e33714cad66e2ec0a2c7d6, type: 3}
      propertyPath: m_LocalRotation.y
      value: -0
      objectReference: {fileID: 0}
    - target: {fileID: 267697647925580003, guid: fdb13336f2e33714cad66e2ec0a2c7d6, type: 3}
      propertyPath: m_LocalRotation.z
      value: -0
      objectReference: {fileID: 0}
    - target: {fileID: 267697647925580003, guid: fdb13336f2e33714cad66e2ec0a2c7d6, type: 3}
      propertyPath: m_LocalEulerAnglesHint.x
      value: 0
      objectReference: {fileID: 0}
    - target: {fileID: 267697647925580003, guid: fdb13336f2e33714cad66e2ec0a2c7d6, type: 3}
      propertyPath: m_LocalEulerAnglesHint.y
      value: 0
      objectReference: {fileID: 0}
    - target: {fileID: 267697647925580003, guid: fdb13336f2e33714cad66e2ec0a2c7d6, type: 3}
      propertyPath: m_LocalEulerAnglesHint.z
      value: 0
      objectReference: {fileID: 0}
    - target: {fileID: 7410363447021015249, guid: fdb13336f2e33714cad66e2ec0a2c7d6, type: 3}
      propertyPath: weaponList.Array.size
      value: 1
      objectReference: {fileID: 0}
    - target: {fileID: 7410363447021015249, guid: fdb13336f2e33714cad66e2ec0a2c7d6, type: 3}
      propertyPath: weaponList.Array.data[0].health
      value: 300
      objectReference: {fileID: 0}
    - target: {fileID: 7410363447021015249, guid: fdb13336f2e33714cad66e2ec0a2c7d6, type: 3}
      propertyPath: weaponList.Array.data[0].enemyObject
      value: 
      objectReference: {fileID: 8631148090389410685, guid: bbb55277b22adf842b5f217d202ab23c, type: 3}
    m_RemovedComponents: []
  m_SourcePrefab: {fileID: 100100000, guid: fdb13336f2e33714cad66e2ec0a2c7d6, type: 3}
--- !u!4 &2383424153210129312 stripped
Transform:
  m_CorrespondingSourceObject: {fileID: 267697647925580003, guid: fdb13336f2e33714cad66e2ec0a2c7d6, type: 3}
  m_PrefabInstance: {fileID: 2496280845957126979}
  m_PrefabAsset: {fileID: 0}
--- !u!1001 &2496280845973575160
PrefabInstance:
  m_ObjectHideFlags: 0
  serializedVersion: 2
  m_Modification:
    m_TransformParent: {fileID: 2496280847010336921}
    m_Modifications:
    - target: {fileID: 267697647925580002, guid: fdb13336f2e33714cad66e2ec0a2c7d6, type: 3}
      propertyPath: m_Name
      value: SmallEnemyPlaceHolder (19)
      objectReference: {fileID: 0}
    - target: {fileID: 267697647925580003, guid: fdb13336f2e33714cad66e2ec0a2c7d6, type: 3}
      propertyPath: m_RootOrder
      value: 18
      objectReference: {fileID: 0}
    - target: {fileID: 267697647925580003, guid: fdb13336f2e33714cad66e2ec0a2c7d6, type: 3}
      propertyPath: m_LocalPosition.x
      value: -2.2
      objectReference: {fileID: 0}
    - target: {fileID: 267697647925580003, guid: fdb13336f2e33714cad66e2ec0a2c7d6, type: 3}
      propertyPath: m_LocalPosition.y
      value: 0.40000153
      objectReference: {fileID: 0}
    - target: {fileID: 267697647925580003, guid: fdb13336f2e33714cad66e2ec0a2c7d6, type: 3}
      propertyPath: m_LocalPosition.z
      value: 0
      objectReference: {fileID: 0}
    - target: {fileID: 267697647925580003, guid: fdb13336f2e33714cad66e2ec0a2c7d6, type: 3}
      propertyPath: m_LocalRotation.w
      value: 1
      objectReference: {fileID: 0}
    - target: {fileID: 267697647925580003, guid: fdb13336f2e33714cad66e2ec0a2c7d6, type: 3}
      propertyPath: m_LocalRotation.x
      value: -0
      objectReference: {fileID: 0}
    - target: {fileID: 267697647925580003, guid: fdb13336f2e33714cad66e2ec0a2c7d6, type: 3}
      propertyPath: m_LocalRotation.y
      value: -0
      objectReference: {fileID: 0}
    - target: {fileID: 267697647925580003, guid: fdb13336f2e33714cad66e2ec0a2c7d6, type: 3}
      propertyPath: m_LocalRotation.z
      value: -0
      objectReference: {fileID: 0}
    - target: {fileID: 267697647925580003, guid: fdb13336f2e33714cad66e2ec0a2c7d6, type: 3}
      propertyPath: m_LocalEulerAnglesHint.x
      value: 0
      objectReference: {fileID: 0}
    - target: {fileID: 267697647925580003, guid: fdb13336f2e33714cad66e2ec0a2c7d6, type: 3}
      propertyPath: m_LocalEulerAnglesHint.y
      value: 0
      objectReference: {fileID: 0}
    - target: {fileID: 267697647925580003, guid: fdb13336f2e33714cad66e2ec0a2c7d6, type: 3}
      propertyPath: m_LocalEulerAnglesHint.z
      value: 0
      objectReference: {fileID: 0}
    - target: {fileID: 7410363447021015249, guid: fdb13336f2e33714cad66e2ec0a2c7d6, type: 3}
      propertyPath: weaponList.Array.size
      value: 1
      objectReference: {fileID: 0}
    - target: {fileID: 7410363447021015249, guid: fdb13336f2e33714cad66e2ec0a2c7d6, type: 3}
      propertyPath: weaponList.Array.data[0].health
      value: 300
      objectReference: {fileID: 0}
    - target: {fileID: 7410363447021015249, guid: fdb13336f2e33714cad66e2ec0a2c7d6, type: 3}
      propertyPath: weaponList.Array.data[0].enemyObject
      value: 
      objectReference: {fileID: 8631148090389410685, guid: bbb55277b22adf842b5f217d202ab23c, type: 3}
    m_RemovedComponents: []
  m_SourcePrefab: {fileID: 100100000, guid: fdb13336f2e33714cad66e2ec0a2c7d6, type: 3}
--- !u!4 &2383424153191580955 stripped
Transform:
  m_CorrespondingSourceObject: {fileID: 267697647925580003, guid: fdb13336f2e33714cad66e2ec0a2c7d6, type: 3}
  m_PrefabInstance: {fileID: 2496280845973575160}
  m_PrefabAsset: {fileID: 0}
--- !u!1001 &2496280846081039793
PrefabInstance:
  m_ObjectHideFlags: 0
  serializedVersion: 2
  m_Modification:
    m_TransformParent: {fileID: 2496280847010336921}
    m_Modifications:
    - target: {fileID: 267697647925580002, guid: fdb13336f2e33714cad66e2ec0a2c7d6, type: 3}
      propertyPath: m_Name
      value: SmallEnemyPlaceHolder (12)
      objectReference: {fileID: 0}
    - target: {fileID: 267697647925580003, guid: fdb13336f2e33714cad66e2ec0a2c7d6, type: 3}
      propertyPath: m_RootOrder
      value: 12
      objectReference: {fileID: 0}
    - target: {fileID: 267697647925580003, guid: fdb13336f2e33714cad66e2ec0a2c7d6, type: 3}
      propertyPath: m_LocalPosition.x
      value: 2.8
      objectReference: {fileID: 0}
    - target: {fileID: 267697647925580003, guid: fdb13336f2e33714cad66e2ec0a2c7d6, type: 3}
      propertyPath: m_LocalPosition.y
      value: -30.9
      objectReference: {fileID: 0}
    - target: {fileID: 267697647925580003, guid: fdb13336f2e33714cad66e2ec0a2c7d6, type: 3}
      propertyPath: m_LocalPosition.z
      value: 0
      objectReference: {fileID: 0}
    - target: {fileID: 267697647925580003, guid: fdb13336f2e33714cad66e2ec0a2c7d6, type: 3}
      propertyPath: m_LocalRotation.w
      value: 1
      objectReference: {fileID: 0}
    - target: {fileID: 267697647925580003, guid: fdb13336f2e33714cad66e2ec0a2c7d6, type: 3}
      propertyPath: m_LocalRotation.x
      value: -0
      objectReference: {fileID: 0}
    - target: {fileID: 267697647925580003, guid: fdb13336f2e33714cad66e2ec0a2c7d6, type: 3}
      propertyPath: m_LocalRotation.y
      value: -0
      objectReference: {fileID: 0}
    - target: {fileID: 267697647925580003, guid: fdb13336f2e33714cad66e2ec0a2c7d6, type: 3}
      propertyPath: m_LocalRotation.z
      value: -0
      objectReference: {fileID: 0}
    - target: {fileID: 267697647925580003, guid: fdb13336f2e33714cad66e2ec0a2c7d6, type: 3}
      propertyPath: m_LocalEulerAnglesHint.x
      value: 0
      objectReference: {fileID: 0}
    - target: {fileID: 267697647925580003, guid: fdb13336f2e33714cad66e2ec0a2c7d6, type: 3}
      propertyPath: m_LocalEulerAnglesHint.y
      value: 0
      objectReference: {fileID: 0}
    - target: {fileID: 267697647925580003, guid: fdb13336f2e33714cad66e2ec0a2c7d6, type: 3}
      propertyPath: m_LocalEulerAnglesHint.z
      value: 0
      objectReference: {fileID: 0}
    - target: {fileID: 7410363447021015249, guid: fdb13336f2e33714cad66e2ec0a2c7d6, type: 3}
      propertyPath: weaponList.Array.size
      value: 1
      objectReference: {fileID: 0}
    - target: {fileID: 7410363447021015249, guid: fdb13336f2e33714cad66e2ec0a2c7d6, type: 3}
      propertyPath: weaponList.Array.data[0].health
      value: 300
      objectReference: {fileID: 0}
    - target: {fileID: 7410363447021015249, guid: fdb13336f2e33714cad66e2ec0a2c7d6, type: 3}
      propertyPath: weaponList.Array.data[0].enemyObject
      value: 
      objectReference: {fileID: 8631148090389410685, guid: bbb55277b22adf842b5f217d202ab23c, type: 3}
    m_RemovedComponents: []
  m_SourcePrefab: {fileID: 100100000, guid: fdb13336f2e33714cad66e2ec0a2c7d6, type: 3}
--- !u!4 &2383424152545152338 stripped
Transform:
  m_CorrespondingSourceObject: {fileID: 267697647925580003, guid: fdb13336f2e33714cad66e2ec0a2c7d6, type: 3}
  m_PrefabInstance: {fileID: 2496280846081039793}
  m_PrefabAsset: {fileID: 0}
--- !u!1001 &2496280846249039521
PrefabInstance:
  m_ObjectHideFlags: 0
  serializedVersion: 2
  m_Modification:
    m_TransformParent: {fileID: 2496280847010336921}
    m_Modifications:
    - target: {fileID: 267697647925580002, guid: fdb13336f2e33714cad66e2ec0a2c7d6, type: 3}
      propertyPath: m_Name
      value: SmallEnemyPlaceHolder (17)
      objectReference: {fileID: 0}
    - target: {fileID: 267697647925580003, guid: fdb13336f2e33714cad66e2ec0a2c7d6, type: 3}
      propertyPath: m_RootOrder
      value: 16
      objectReference: {fileID: 0}
    - target: {fileID: 267697647925580003, guid: fdb13336f2e33714cad66e2ec0a2c7d6, type: 3}
      propertyPath: m_LocalPosition.x
      value: -3.3
      objectReference: {fileID: 0}
    - target: {fileID: 267697647925580003, guid: fdb13336f2e33714cad66e2ec0a2c7d6, type: 3}
      propertyPath: m_LocalPosition.y
      value: -4.4000015
      objectReference: {fileID: 0}
    - target: {fileID: 267697647925580003, guid: fdb13336f2e33714cad66e2ec0a2c7d6, type: 3}
      propertyPath: m_LocalPosition.z
      value: 0
      objectReference: {fileID: 0}
    - target: {fileID: 267697647925580003, guid: fdb13336f2e33714cad66e2ec0a2c7d6, type: 3}
      propertyPath: m_LocalRotation.w
      value: 1
      objectReference: {fileID: 0}
    - target: {fileID: 267697647925580003, guid: fdb13336f2e33714cad66e2ec0a2c7d6, type: 3}
      propertyPath: m_LocalRotation.x
      value: -0
      objectReference: {fileID: 0}
    - target: {fileID: 267697647925580003, guid: fdb13336f2e33714cad66e2ec0a2c7d6, type: 3}
      propertyPath: m_LocalRotation.y
      value: -0
      objectReference: {fileID: 0}
    - target: {fileID: 267697647925580003, guid: fdb13336f2e33714cad66e2ec0a2c7d6, type: 3}
      propertyPath: m_LocalRotation.z
      value: -0
      objectReference: {fileID: 0}
    - target: {fileID: 267697647925580003, guid: fdb13336f2e33714cad66e2ec0a2c7d6, type: 3}
      propertyPath: m_LocalEulerAnglesHint.x
      value: 0
      objectReference: {fileID: 0}
    - target: {fileID: 267697647925580003, guid: fdb13336f2e33714cad66e2ec0a2c7d6, type: 3}
      propertyPath: m_LocalEulerAnglesHint.y
      value: 0
      objectReference: {fileID: 0}
    - target: {fileID: 267697647925580003, guid: fdb13336f2e33714cad66e2ec0a2c7d6, type: 3}
      propertyPath: m_LocalEulerAnglesHint.z
      value: 0
      objectReference: {fileID: 0}
    - target: {fileID: 7410363447021015249, guid: fdb13336f2e33714cad66e2ec0a2c7d6, type: 3}
      propertyPath: weaponList.Array.size
      value: 1
      objectReference: {fileID: 0}
    - target: {fileID: 7410363447021015249, guid: fdb13336f2e33714cad66e2ec0a2c7d6, type: 3}
      propertyPath: weaponList.Array.data[0].health
      value: 300
      objectReference: {fileID: 0}
    - target: {fileID: 7410363447021015249, guid: fdb13336f2e33714cad66e2ec0a2c7d6, type: 3}
      propertyPath: weaponList.Array.data[0].enemyObject
      value: 
      objectReference: {fileID: 8631148090389410685, guid: bbb55277b22adf842b5f217d202ab23c, type: 3}
    m_RemovedComponents: []
  m_SourcePrefab: {fileID: 100100000, guid: fdb13336f2e33714cad66e2ec0a2c7d6, type: 3}
--- !u!4 &2383424152511366722 stripped
Transform:
  m_CorrespondingSourceObject: {fileID: 267697647925580003, guid: fdb13336f2e33714cad66e2ec0a2c7d6, type: 3}
  m_PrefabInstance: {fileID: 2496280846249039521}
  m_PrefabAsset: {fileID: 0}
--- !u!1001 &2496280846478272459
PrefabInstance:
  m_ObjectHideFlags: 0
  serializedVersion: 2
  m_Modification:
    m_TransformParent: {fileID: 2496280847010336921}
    m_Modifications:
    - target: {fileID: 267697647925580002, guid: fdb13336f2e33714cad66e2ec0a2c7d6, type: 3}
      propertyPath: m_Name
      value: SmallEnemyPlaceHolder
      objectReference: {fileID: 0}
    - target: {fileID: 267697647925580003, guid: fdb13336f2e33714cad66e2ec0a2c7d6, type: 3}
      propertyPath: m_RootOrder
      value: 0
      objectReference: {fileID: 0}
    - target: {fileID: 267697647925580003, guid: fdb13336f2e33714cad66e2ec0a2c7d6, type: 3}
      propertyPath: m_LocalPosition.x
      value: 1.8
      objectReference: {fileID: 0}
    - target: {fileID: 267697647925580003, guid: fdb13336f2e33714cad66e2ec0a2c7d6, type: 3}
      propertyPath: m_LocalPosition.y
      value: -52.936718
      objectReference: {fileID: 0}
    - target: {fileID: 267697647925580003, guid: fdb13336f2e33714cad66e2ec0a2c7d6, type: 3}
      propertyPath: m_LocalPosition.z
      value: 0
      objectReference: {fileID: 0}
    - target: {fileID: 267697647925580003, guid: fdb13336f2e33714cad66e2ec0a2c7d6, type: 3}
      propertyPath: m_LocalRotation.w
      value: 1
      objectReference: {fileID: 0}
    - target: {fileID: 267697647925580003, guid: fdb13336f2e33714cad66e2ec0a2c7d6, type: 3}
      propertyPath: m_LocalRotation.x
      value: -0
      objectReference: {fileID: 0}
    - target: {fileID: 267697647925580003, guid: fdb13336f2e33714cad66e2ec0a2c7d6, type: 3}
      propertyPath: m_LocalRotation.y
      value: -0
      objectReference: {fileID: 0}
    - target: {fileID: 267697647925580003, guid: fdb13336f2e33714cad66e2ec0a2c7d6, type: 3}
      propertyPath: m_LocalRotation.z
      value: -0
      objectReference: {fileID: 0}
    - target: {fileID: 267697647925580003, guid: fdb13336f2e33714cad66e2ec0a2c7d6, type: 3}
      propertyPath: m_LocalEulerAnglesHint.x
      value: 0
      objectReference: {fileID: 0}
    - target: {fileID: 267697647925580003, guid: fdb13336f2e33714cad66e2ec0a2c7d6, type: 3}
      propertyPath: m_LocalEulerAnglesHint.y
      value: 0
      objectReference: {fileID: 0}
    - target: {fileID: 267697647925580003, guid: fdb13336f2e33714cad66e2ec0a2c7d6, type: 3}
      propertyPath: m_LocalEulerAnglesHint.z
      value: 0
      objectReference: {fileID: 0}
    m_RemovedComponents: []
  m_SourcePrefab: {fileID: 100100000, guid: fdb13336f2e33714cad66e2ec0a2c7d6, type: 3}
--- !u!4 &2383424152691095336 stripped
Transform:
  m_CorrespondingSourceObject: {fileID: 267697647925580003, guid: fdb13336f2e33714cad66e2ec0a2c7d6, type: 3}
  m_PrefabInstance: {fileID: 2496280846478272459}
  m_PrefabAsset: {fileID: 0}
--- !u!1001 &2496280846521856686
PrefabInstance:
  m_ObjectHideFlags: 0
  serializedVersion: 2
  m_Modification:
    m_TransformParent: {fileID: 2496280847010336921}
    m_Modifications:
    - target: {fileID: 267697647925580002, guid: fdb13336f2e33714cad66e2ec0a2c7d6, type: 3}
      propertyPath: m_Name
      value: SmallEnemyPlaceHolder (6)
      objectReference: {fileID: 0}
    - target: {fileID: 267697647925580003, guid: fdb13336f2e33714cad66e2ec0a2c7d6, type: 3}
      propertyPath: m_RootOrder
      value: 6
      objectReference: {fileID: 0}
    - target: {fileID: 267697647925580003, guid: fdb13336f2e33714cad66e2ec0a2c7d6, type: 3}
      propertyPath: m_LocalPosition.x
      value: -3
      objectReference: {fileID: 0}
    - target: {fileID: 267697647925580003, guid: fdb13336f2e33714cad66e2ec0a2c7d6, type: 3}
      propertyPath: m_LocalPosition.y
      value: -37.299995
      objectReference: {fileID: 0}
    - target: {fileID: 267697647925580003, guid: fdb13336f2e33714cad66e2ec0a2c7d6, type: 3}
      propertyPath: m_LocalPosition.z
      value: 0
      objectReference: {fileID: 0}
    - target: {fileID: 267697647925580003, guid: fdb13336f2e33714cad66e2ec0a2c7d6, type: 3}
      propertyPath: m_LocalRotation.w
      value: 1
      objectReference: {fileID: 0}
    - target: {fileID: 267697647925580003, guid: fdb13336f2e33714cad66e2ec0a2c7d6, type: 3}
      propertyPath: m_LocalRotation.x
      value: -0
      objectReference: {fileID: 0}
    - target: {fileID: 267697647925580003, guid: fdb13336f2e33714cad66e2ec0a2c7d6, type: 3}
      propertyPath: m_LocalRotation.y
      value: -0
      objectReference: {fileID: 0}
    - target: {fileID: 267697647925580003, guid: fdb13336f2e33714cad66e2ec0a2c7d6, type: 3}
      propertyPath: m_LocalRotation.z
      value: -0
      objectReference: {fileID: 0}
    - target: {fileID: 267697647925580003, guid: fdb13336f2e33714cad66e2ec0a2c7d6, type: 3}
      propertyPath: m_LocalEulerAnglesHint.x
      value: 0
      objectReference: {fileID: 0}
    - target: {fileID: 267697647925580003, guid: fdb13336f2e33714cad66e2ec0a2c7d6, type: 3}
      propertyPath: m_LocalEulerAnglesHint.y
      value: 0
      objectReference: {fileID: 0}
    - target: {fileID: 267697647925580003, guid: fdb13336f2e33714cad66e2ec0a2c7d6, type: 3}
      propertyPath: m_LocalEulerAnglesHint.z
      value: 0
      objectReference: {fileID: 0}
    - target: {fileID: 7410363447021015249, guid: fdb13336f2e33714cad66e2ec0a2c7d6, type: 3}
      propertyPath: weaponList.Array.size
      value: 1
      objectReference: {fileID: 0}
    - target: {fileID: 7410363447021015249, guid: fdb13336f2e33714cad66e2ec0a2c7d6, type: 3}
      propertyPath: weaponList.Array.data[0].health
      value: 300
      objectReference: {fileID: 0}
    - target: {fileID: 7410363447021015249, guid: fdb13336f2e33714cad66e2ec0a2c7d6, type: 3}
      propertyPath: weaponList.Array.data[0].enemyObject
      value: 
      objectReference: {fileID: 8631148090389410685, guid: bbb55277b22adf842b5f217d202ab23c, type: 3}
    m_RemovedComponents: []
  m_SourcePrefab: {fileID: 100100000, guid: fdb13336f2e33714cad66e2ec0a2c7d6, type: 3}
--- !u!4 &2383424152775434829 stripped
Transform:
  m_CorrespondingSourceObject: {fileID: 267697647925580003, guid: fdb13336f2e33714cad66e2ec0a2c7d6, type: 3}
  m_PrefabInstance: {fileID: 2496280846521856686}
  m_PrefabAsset: {fileID: 0}
--- !u!1001 &2496280846522583345
PrefabInstance:
  m_ObjectHideFlags: 0
  serializedVersion: 2
  m_Modification:
    m_TransformParent: {fileID: 2496280847010336921}
    m_Modifications:
    - target: {fileID: 267697647925580002, guid: fdb13336f2e33714cad66e2ec0a2c7d6, type: 3}
      propertyPath: m_Name
      value: SmallEnemyPlaceHolder (16)
      objectReference: {fileID: 0}
    - target: {fileID: 267697647925580003, guid: fdb13336f2e33714cad66e2ec0a2c7d6, type: 3}
      propertyPath: m_RootOrder
      value: 15
      objectReference: {fileID: 0}
    - target: {fileID: 267697647925580003, guid: fdb13336f2e33714cad66e2ec0a2c7d6, type: 3}
      propertyPath: m_LocalPosition.x
      value: 2.6
      objectReference: {fileID: 0}
    - target: {fileID: 267697647925580003, guid: fdb13336f2e33714cad66e2ec0a2c7d6, type: 3}
      propertyPath: m_LocalPosition.y
      value: 0.4
      objectReference: {fileID: 0}
    - target: {fileID: 267697647925580003, guid: fdb13336f2e33714cad66e2ec0a2c7d6, type: 3}
      propertyPath: m_LocalPosition.z
      value: 0
      objectReference: {fileID: 0}
    - target: {fileID: 267697647925580003, guid: fdb13336f2e33714cad66e2ec0a2c7d6, type: 3}
      propertyPath: m_LocalRotation.w
      value: 1
      objectReference: {fileID: 0}
    - target: {fileID: 267697647925580003, guid: fdb13336f2e33714cad66e2ec0a2c7d6, type: 3}
      propertyPath: m_LocalRotation.x
      value: -0
      objectReference: {fileID: 0}
    - target: {fileID: 267697647925580003, guid: fdb13336f2e33714cad66e2ec0a2c7d6, type: 3}
      propertyPath: m_LocalRotation.y
      value: -0
      objectReference: {fileID: 0}
    - target: {fileID: 267697647925580003, guid: fdb13336f2e33714cad66e2ec0a2c7d6, type: 3}
      propertyPath: m_LocalRotation.z
      value: -0
      objectReference: {fileID: 0}
    - target: {fileID: 267697647925580003, guid: fdb13336f2e33714cad66e2ec0a2c7d6, type: 3}
      propertyPath: m_LocalEulerAnglesHint.x
      value: 0
      objectReference: {fileID: 0}
    - target: {fileID: 267697647925580003, guid: fdb13336f2e33714cad66e2ec0a2c7d6, type: 3}
      propertyPath: m_LocalEulerAnglesHint.y
      value: 0
      objectReference: {fileID: 0}
    - target: {fileID: 267697647925580003, guid: fdb13336f2e33714cad66e2ec0a2c7d6, type: 3}
      propertyPath: m_LocalEulerAnglesHint.z
      value: 0
      objectReference: {fileID: 0}
    - target: {fileID: 7410363447021015249, guid: fdb13336f2e33714cad66e2ec0a2c7d6, type: 3}
      propertyPath: weaponList.Array.size
      value: 1
      objectReference: {fileID: 0}
    - target: {fileID: 7410363447021015249, guid: fdb13336f2e33714cad66e2ec0a2c7d6, type: 3}
      propertyPath: weaponList.Array.data[0].health
      value: 300
      objectReference: {fileID: 0}
    - target: {fileID: 7410363447021015249, guid: fdb13336f2e33714cad66e2ec0a2c7d6, type: 3}
      propertyPath: weaponList.Array.data[0].enemyObject
      value: 
      objectReference: {fileID: 8631148090389410685, guid: bbb55277b22adf842b5f217d202ab23c, type: 3}
    m_RemovedComponents: []
  m_SourcePrefab: {fileID: 100100000, guid: fdb13336f2e33714cad66e2ec0a2c7d6, type: 3}
--- !u!4 &2383424152776792530 stripped
Transform:
  m_CorrespondingSourceObject: {fileID: 267697647925580003, guid: fdb13336f2e33714cad66e2ec0a2c7d6, type: 3}
  m_PrefabInstance: {fileID: 2496280846522583345}
  m_PrefabAsset: {fileID: 0}
--- !u!1001 &2496280846526421610
PrefabInstance:
  m_ObjectHideFlags: 0
  serializedVersion: 2
  m_Modification:
    m_TransformParent: {fileID: 2496280847010336921}
    m_Modifications:
    - target: {fileID: 267697647925580002, guid: fdb13336f2e33714cad66e2ec0a2c7d6, type: 3}
      propertyPath: m_Name
      value: SmallEnemyPlaceHolder (11)
      objectReference: {fileID: 0}
    - target: {fileID: 267697647925580003, guid: fdb13336f2e33714cad66e2ec0a2c7d6, type: 3}
      propertyPath: m_RootOrder
      value: 11
      objectReference: {fileID: 0}
    - target: {fileID: 267697647925580003, guid: fdb13336f2e33714cad66e2ec0a2c7d6, type: 3}
      propertyPath: m_LocalPosition.x
      value: -2.5
      objectReference: {fileID: 0}
    - target: {fileID: 267697647925580003, guid: fdb13336f2e33714cad66e2ec0a2c7d6, type: 3}
      propertyPath: m_LocalPosition.y
      value: -26.099998
      objectReference: {fileID: 0}
    - target: {fileID: 267697647925580003, guid: fdb13336f2e33714cad66e2ec0a2c7d6, type: 3}
      propertyPath: m_LocalPosition.z
      value: 0
      objectReference: {fileID: 0}
    - target: {fileID: 267697647925580003, guid: fdb13336f2e33714cad66e2ec0a2c7d6, type: 3}
      propertyPath: m_LocalRotation.w
      value: 1
      objectReference: {fileID: 0}
    - target: {fileID: 267697647925580003, guid: fdb13336f2e33714cad66e2ec0a2c7d6, type: 3}
      propertyPath: m_LocalRotation.x
      value: -0
      objectReference: {fileID: 0}
    - target: {fileID: 267697647925580003, guid: fdb13336f2e33714cad66e2ec0a2c7d6, type: 3}
      propertyPath: m_LocalRotation.y
      value: -0
      objectReference: {fileID: 0}
    - target: {fileID: 267697647925580003, guid: fdb13336f2e33714cad66e2ec0a2c7d6, type: 3}
      propertyPath: m_LocalRotation.z
      value: -0
      objectReference: {fileID: 0}
    - target: {fileID: 267697647925580003, guid: fdb13336f2e33714cad66e2ec0a2c7d6, type: 3}
      propertyPath: m_LocalEulerAnglesHint.x
      value: 0
      objectReference: {fileID: 0}
    - target: {fileID: 267697647925580003, guid: fdb13336f2e33714cad66e2ec0a2c7d6, type: 3}
      propertyPath: m_LocalEulerAnglesHint.y
      value: 0
      objectReference: {fileID: 0}
    - target: {fileID: 267697647925580003, guid: fdb13336f2e33714cad66e2ec0a2c7d6, type: 3}
      propertyPath: m_LocalEulerAnglesHint.z
      value: 0
      objectReference: {fileID: 0}
    - target: {fileID: 7410363447021015249, guid: fdb13336f2e33714cad66e2ec0a2c7d6, type: 3}
      propertyPath: weaponList.Array.size
      value: 1
      objectReference: {fileID: 0}
    - target: {fileID: 7410363447021015249, guid: fdb13336f2e33714cad66e2ec0a2c7d6, type: 3}
      propertyPath: weaponList.Array.data[0].health
      value: 300
      objectReference: {fileID: 0}
    - target: {fileID: 7410363447021015249, guid: fdb13336f2e33714cad66e2ec0a2c7d6, type: 3}
      propertyPath: weaponList.Array.data[0].enemyObject
      value: 
      objectReference: {fileID: 8631148090389410685, guid: bbb55277b22adf842b5f217d202ab23c, type: 3}
    m_RemovedComponents: []
  m_SourcePrefab: {fileID: 100100000, guid: fdb13336f2e33714cad66e2ec0a2c7d6, type: 3}
--- !u!4 &2383424152772954761 stripped
Transform:
  m_CorrespondingSourceObject: {fileID: 267697647925580003, guid: fdb13336f2e33714cad66e2ec0a2c7d6, type: 3}
  m_PrefabInstance: {fileID: 2496280846526421610}
  m_PrefabAsset: {fileID: 0}
--- !u!1001 &2496280846839699907
PrefabInstance:
  m_ObjectHideFlags: 0
  serializedVersion: 2
  m_Modification:
    m_TransformParent: {fileID: 2496280847010336921}
    m_Modifications:
    - target: {fileID: 267697647925580002, guid: fdb13336f2e33714cad66e2ec0a2c7d6, type: 3}
      propertyPath: m_Name
      value: SmallEnemyPlaceHolder (8)
      objectReference: {fileID: 0}
    - target: {fileID: 267697647925580003, guid: fdb13336f2e33714cad66e2ec0a2c7d6, type: 3}
      propertyPath: m_RootOrder
      value: 8
      objectReference: {fileID: 0}
    - target: {fileID: 267697647925580003, guid: fdb13336f2e33714cad66e2ec0a2c7d6, type: 3}
      propertyPath: m_LocalPosition.x
      value: -6.5
      objectReference: {fileID: 0}
    - target: {fileID: 267697647925580003, guid: fdb13336f2e33714cad66e2ec0a2c7d6, type: 3}
      propertyPath: m_LocalPosition.y
      value: -30.699995
      objectReference: {fileID: 0}
    - target: {fileID: 267697647925580003, guid: fdb13336f2e33714cad66e2ec0a2c7d6, type: 3}
      propertyPath: m_LocalPosition.z
      value: 0
      objectReference: {fileID: 0}
    - target: {fileID: 267697647925580003, guid: fdb13336f2e33714cad66e2ec0a2c7d6, type: 3}
      propertyPath: m_LocalRotation.w
      value: 1
      objectReference: {fileID: 0}
    - target: {fileID: 267697647925580003, guid: fdb13336f2e33714cad66e2ec0a2c7d6, type: 3}
      propertyPath: m_LocalRotation.x
      value: -0
      objectReference: {fileID: 0}
    - target: {fileID: 267697647925580003, guid: fdb13336f2e33714cad66e2ec0a2c7d6, type: 3}
      propertyPath: m_LocalRotation.y
      value: -0
      objectReference: {fileID: 0}
    - target: {fileID: 267697647925580003, guid: fdb13336f2e33714cad66e2ec0a2c7d6, type: 3}
      propertyPath: m_LocalRotation.z
      value: -0
      objectReference: {fileID: 0}
    - target: {fileID: 267697647925580003, guid: fdb13336f2e33714cad66e2ec0a2c7d6, type: 3}
      propertyPath: m_LocalEulerAnglesHint.x
      value: 0
      objectReference: {fileID: 0}
    - target: {fileID: 267697647925580003, guid: fdb13336f2e33714cad66e2ec0a2c7d6, type: 3}
      propertyPath: m_LocalEulerAnglesHint.y
      value: 0
      objectReference: {fileID: 0}
    - target: {fileID: 267697647925580003, guid: fdb13336f2e33714cad66e2ec0a2c7d6, type: 3}
      propertyPath: m_LocalEulerAnglesHint.z
      value: 0
      objectReference: {fileID: 0}
    - target: {fileID: 7410363447021015249, guid: fdb13336f2e33714cad66e2ec0a2c7d6, type: 3}
      propertyPath: weaponList.Array.size
      value: 1
      objectReference: {fileID: 0}
    - target: {fileID: 7410363447021015249, guid: fdb13336f2e33714cad66e2ec0a2c7d6, type: 3}
      propertyPath: weaponList.Array.data[0].health
      value: 300
      objectReference: {fileID: 0}
    - target: {fileID: 7410363447021015249, guid: fdb13336f2e33714cad66e2ec0a2c7d6, type: 3}
      propertyPath: weaponList.Array.data[0].enemyObject
      value: 
      objectReference: {fileID: 8631148090389410685, guid: bbb55277b22adf842b5f217d202ab23c, type: 3}
    m_RemovedComponents: []
  m_SourcePrefab: {fileID: 100100000, guid: fdb13336f2e33714cad66e2ec0a2c7d6, type: 3}
--- !u!4 &2383424154074482976 stripped
Transform:
  m_CorrespondingSourceObject: {fileID: 267697647925580003, guid: fdb13336f2e33714cad66e2ec0a2c7d6, type: 3}
  m_PrefabInstance: {fileID: 2496280846839699907}
  m_PrefabAsset: {fileID: 0}
--- !u!1001 &2496280846893905367
PrefabInstance:
  m_ObjectHideFlags: 0
  serializedVersion: 2
  m_Modification:
    m_TransformParent: {fileID: 2496280847010336921}
    m_Modifications:
    - target: {fileID: 267697647925580002, guid: fdb13336f2e33714cad66e2ec0a2c7d6, type: 3}
      propertyPath: m_Name
      value: SmallEnemyPlaceHolder (18)
      objectReference: {fileID: 0}
    - target: {fileID: 267697647925580003, guid: fdb13336f2e33714cad66e2ec0a2c7d6, type: 3}
      propertyPath: m_RootOrder
      value: 17
      objectReference: {fileID: 0}
    - target: {fileID: 267697647925580003, guid: fdb13336f2e33714cad66e2ec0a2c7d6, type: 3}
      propertyPath: m_LocalPosition.x
      value: 2.6
      objectReference: {fileID: 0}
    - target: {fileID: 267697647925580003, guid: fdb13336f2e33714cad66e2ec0a2c7d6, type: 3}
      propertyPath: m_LocalPosition.y
      value: 7
      objectReference: {fileID: 0}
    - target: {fileID: 267697647925580003, guid: fdb13336f2e33714cad66e2ec0a2c7d6, type: 3}
      propertyPath: m_LocalPosition.z
      value: 0
      objectReference: {fileID: 0}
    - target: {fileID: 267697647925580003, guid: fdb13336f2e33714cad66e2ec0a2c7d6, type: 3}
      propertyPath: m_LocalRotation.w
      value: 1
      objectReference: {fileID: 0}
    - target: {fileID: 267697647925580003, guid: fdb13336f2e33714cad66e2ec0a2c7d6, type: 3}
      propertyPath: m_LocalRotation.x
      value: -0
      objectReference: {fileID: 0}
    - target: {fileID: 267697647925580003, guid: fdb13336f2e33714cad66e2ec0a2c7d6, type: 3}
      propertyPath: m_LocalRotation.y
      value: -0
      objectReference: {fileID: 0}
    - target: {fileID: 267697647925580003, guid: fdb13336f2e33714cad66e2ec0a2c7d6, type: 3}
      propertyPath: m_LocalRotation.z
      value: -0
      objectReference: {fileID: 0}
    - target: {fileID: 267697647925580003, guid: fdb13336f2e33714cad66e2ec0a2c7d6, type: 3}
      propertyPath: m_LocalEulerAnglesHint.x
      value: 0
      objectReference: {fileID: 0}
    - target: {fileID: 267697647925580003, guid: fdb13336f2e33714cad66e2ec0a2c7d6, type: 3}
      propertyPath: m_LocalEulerAnglesHint.y
      value: 0
      objectReference: {fileID: 0}
    - target: {fileID: 267697647925580003, guid: fdb13336f2e33714cad66e2ec0a2c7d6, type: 3}
      propertyPath: m_LocalEulerAnglesHint.z
      value: 0
      objectReference: {fileID: 0}
    - target: {fileID: 7410363447021015249, guid: fdb13336f2e33714cad66e2ec0a2c7d6, type: 3}
      propertyPath: weaponList.Array.size
      value: 1
      objectReference: {fileID: 0}
    - target: {fileID: 7410363447021015249, guid: fdb13336f2e33714cad66e2ec0a2c7d6, type: 3}
      propertyPath: weaponList.Array.data[0].health
      value: 300
      objectReference: {fileID: 0}
    - target: {fileID: 7410363447021015249, guid: fdb13336f2e33714cad66e2ec0a2c7d6, type: 3}
      propertyPath: weaponList.Array.data[0].enemyObject
      value: 
      objectReference: {fileID: 8631148090389410685, guid: bbb55277b22adf842b5f217d202ab23c, type: 3}
    m_RemovedComponents: []
  m_SourcePrefab: {fileID: 100100000, guid: fdb13336f2e33714cad66e2ec0a2c7d6, type: 3}
--- !u!4 &2383424154422945076 stripped
Transform:
  m_CorrespondingSourceObject: {fileID: 267697647925580003, guid: fdb13336f2e33714cad66e2ec0a2c7d6, type: 3}
  m_PrefabInstance: {fileID: 2496280846893905367}
  m_PrefabAsset: {fileID: 0}
--- !u!1001 &2496280846904730989
PrefabInstance:
  m_ObjectHideFlags: 0
  serializedVersion: 2
  m_Modification:
    m_TransformParent: {fileID: 2496280847010336921}
    m_Modifications:
    - target: {fileID: 267697647925580002, guid: fdb13336f2e33714cad66e2ec0a2c7d6, type: 3}
      propertyPath: m_Name
      value: SmallEnemyPlaceHolder (14)
      objectReference: {fileID: 0}
    - target: {fileID: 267697647925580003, guid: fdb13336f2e33714cad66e2ec0a2c7d6, type: 3}
      propertyPath: m_RootOrder
      value: 14
      objectReference: {fileID: 0}
    - target: {fileID: 267697647925580003, guid: fdb13336f2e33714cad66e2ec0a2c7d6, type: 3}
      propertyPath: m_LocalPosition.x
      value: 1.8
      objectReference: {fileID: 0}
    - target: {fileID: 267697647925580003, guid: fdb13336f2e33714cad66e2ec0a2c7d6, type: 3}
      propertyPath: m_LocalPosition.y
      value: -26.099997
      objectReference: {fileID: 0}
    - target: {fileID: 267697647925580003, guid: fdb13336f2e33714cad66e2ec0a2c7d6, type: 3}
      propertyPath: m_LocalPosition.z
      value: 0
      objectReference: {fileID: 0}
    - target: {fileID: 267697647925580003, guid: fdb13336f2e33714cad66e2ec0a2c7d6, type: 3}
      propertyPath: m_LocalRotation.w
      value: 1
      objectReference: {fileID: 0}
    - target: {fileID: 267697647925580003, guid: fdb13336f2e33714cad66e2ec0a2c7d6, type: 3}
      propertyPath: m_LocalRotation.x
      value: -0
      objectReference: {fileID: 0}
    - target: {fileID: 267697647925580003, guid: fdb13336f2e33714cad66e2ec0a2c7d6, type: 3}
      propertyPath: m_LocalRotation.y
      value: -0
      objectReference: {fileID: 0}
    - target: {fileID: 267697647925580003, guid: fdb13336f2e33714cad66e2ec0a2c7d6, type: 3}
      propertyPath: m_LocalRotation.z
      value: -0
      objectReference: {fileID: 0}
    - target: {fileID: 267697647925580003, guid: fdb13336f2e33714cad66e2ec0a2c7d6, type: 3}
      propertyPath: m_LocalEulerAnglesHint.x
      value: 0
      objectReference: {fileID: 0}
    - target: {fileID: 267697647925580003, guid: fdb13336f2e33714cad66e2ec0a2c7d6, type: 3}
      propertyPath: m_LocalEulerAnglesHint.y
      value: 0
      objectReference: {fileID: 0}
    - target: {fileID: 267697647925580003, guid: fdb13336f2e33714cad66e2ec0a2c7d6, type: 3}
      propertyPath: m_LocalEulerAnglesHint.z
      value: 0
      objectReference: {fileID: 0}
    - target: {fileID: 7410363447021015249, guid: fdb13336f2e33714cad66e2ec0a2c7d6, type: 3}
      propertyPath: weaponList.Array.size
      value: 1
      objectReference: {fileID: 0}
    - target: {fileID: 7410363447021015249, guid: fdb13336f2e33714cad66e2ec0a2c7d6, type: 3}
      propertyPath: weaponList.Array.data[0].health
      value: 300
      objectReference: {fileID: 0}
    - target: {fileID: 7410363447021015249, guid: fdb13336f2e33714cad66e2ec0a2c7d6, type: 3}
      propertyPath: weaponList.Array.data[0].enemyObject
      value: 
      objectReference: {fileID: 8631148090389410685, guid: bbb55277b22adf842b5f217d202ab23c, type: 3}
    m_RemovedComponents: []
  m_SourcePrefab: {fileID: 100100000, guid: fdb13336f2e33714cad66e2ec0a2c7d6, type: 3}
--- !u!4 &2383424154407925134 stripped
Transform:
  m_CorrespondingSourceObject: {fileID: 267697647925580003, guid: fdb13336f2e33714cad66e2ec0a2c7d6, type: 3}
  m_PrefabInstance: {fileID: 2496280846904730989}
  m_PrefabAsset: {fileID: 0}
--- !u!1001 &2496280846919251641
PrefabInstance:
  m_ObjectHideFlags: 0
  serializedVersion: 2
  m_Modification:
    m_TransformParent: {fileID: 2496280847010336921}
    m_Modifications:
    - target: {fileID: 267697647925580002, guid: fdb13336f2e33714cad66e2ec0a2c7d6, type: 3}
      propertyPath: m_Name
      value: SmallEnemyPlaceHolder (5)
      objectReference: {fileID: 0}
    - target: {fileID: 267697647925580003, guid: fdb13336f2e33714cad66e2ec0a2c7d6, type: 3}
      propertyPath: m_RootOrder
      value: 5
      objectReference: {fileID: 0}
    - target: {fileID: 267697647925580003, guid: fdb13336f2e33714cad66e2ec0a2c7d6, type: 3}
      propertyPath: m_LocalPosition.x
      value: 4.7
      objectReference: {fileID: 0}
    - target: {fileID: 267697647925580003, guid: fdb13336f2e33714cad66e2ec0a2c7d6, type: 3}
      propertyPath: m_LocalPosition.y
      value: -22.136717
      objectReference: {fileID: 0}
    - target: {fileID: 267697647925580003, guid: fdb13336f2e33714cad66e2ec0a2c7d6, type: 3}
      propertyPath: m_LocalPosition.z
      value: 0
      objectReference: {fileID: 0}
    - target: {fileID: 267697647925580003, guid: fdb13336f2e33714cad66e2ec0a2c7d6, type: 3}
      propertyPath: m_LocalRotation.w
      value: 1
      objectReference: {fileID: 0}
    - target: {fileID: 267697647925580003, guid: fdb13336f2e33714cad66e2ec0a2c7d6, type: 3}
      propertyPath: m_LocalRotation.x
      value: -0
      objectReference: {fileID: 0}
    - target: {fileID: 267697647925580003, guid: fdb13336f2e33714cad66e2ec0a2c7d6, type: 3}
      propertyPath: m_LocalRotation.y
      value: -0
      objectReference: {fileID: 0}
    - target: {fileID: 267697647925580003, guid: fdb13336f2e33714cad66e2ec0a2c7d6, type: 3}
      propertyPath: m_LocalRotation.z
      value: -0
      objectReference: {fileID: 0}
    - target: {fileID: 267697647925580003, guid: fdb13336f2e33714cad66e2ec0a2c7d6, type: 3}
      propertyPath: m_LocalEulerAnglesHint.x
      value: 0
      objectReference: {fileID: 0}
    - target: {fileID: 267697647925580003, guid: fdb13336f2e33714cad66e2ec0a2c7d6, type: 3}
      propertyPath: m_LocalEulerAnglesHint.y
      value: 0
      objectReference: {fileID: 0}
    - target: {fileID: 267697647925580003, guid: fdb13336f2e33714cad66e2ec0a2c7d6, type: 3}
      propertyPath: m_LocalEulerAnglesHint.z
      value: 0
      objectReference: {fileID: 0}
    - target: {fileID: 7410363447021015249, guid: fdb13336f2e33714cad66e2ec0a2c7d6, type: 3}
      propertyPath: weaponList.Array.size
      value: 1
      objectReference: {fileID: 0}
    - target: {fileID: 7410363447021015249, guid: fdb13336f2e33714cad66e2ec0a2c7d6, type: 3}
      propertyPath: weaponList.Array.data[0].health
      value: 300
      objectReference: {fileID: 0}
    - target: {fileID: 7410363447021015249, guid: fdb13336f2e33714cad66e2ec0a2c7d6, type: 3}
      propertyPath: weaponList.Array.data[0].enemyObject
      value: 
      objectReference: {fileID: 8631148090389410685, guid: bbb55277b22adf842b5f217d202ab23c, type: 3}
    m_RemovedComponents: []
  m_SourcePrefab: {fileID: 100100000, guid: fdb13336f2e33714cad66e2ec0a2c7d6, type: 3}
--- !u!4 &2383424154531817050 stripped
Transform:
  m_CorrespondingSourceObject: {fileID: 267697647925580003, guid: fdb13336f2e33714cad66e2ec0a2c7d6, type: 3}
  m_PrefabInstance: {fileID: 2496280846919251641}
  m_PrefabAsset: {fileID: 0}
--- !u!1001 &2496280847042552630
PrefabInstance:
  m_ObjectHideFlags: 0
  serializedVersion: 2
  m_Modification:
    m_TransformParent: {fileID: 2496280847010336921}
    m_Modifications:
    - target: {fileID: 267697647925580002, guid: fdb13336f2e33714cad66e2ec0a2c7d6, type: 3}
      propertyPath: m_Name
      value: SmallEnemyPlaceHolder (9)
      objectReference: {fileID: 0}
    - target: {fileID: 267697647925580003, guid: fdb13336f2e33714cad66e2ec0a2c7d6, type: 3}
      propertyPath: m_RootOrder
      value: 9
      objectReference: {fileID: 0}
    - target: {fileID: 267697647925580003, guid: fdb13336f2e33714cad66e2ec0a2c7d6, type: 3}
      propertyPath: m_LocalPosition.x
      value: 1.2
      objectReference: {fileID: 0}
    - target: {fileID: 267697647925580003, guid: fdb13336f2e33714cad66e2ec0a2c7d6, type: 3}
      propertyPath: m_LocalPosition.y
      value: -37.299995
      objectReference: {fileID: 0}
    - target: {fileID: 267697647925580003, guid: fdb13336f2e33714cad66e2ec0a2c7d6, type: 3}
      propertyPath: m_LocalPosition.z
      value: 0
      objectReference: {fileID: 0}
    - target: {fileID: 267697647925580003, guid: fdb13336f2e33714cad66e2ec0a2c7d6, type: 3}
      propertyPath: m_LocalRotation.w
      value: 1
      objectReference: {fileID: 0}
    - target: {fileID: 267697647925580003, guid: fdb13336f2e33714cad66e2ec0a2c7d6, type: 3}
      propertyPath: m_LocalRotation.x
      value: -0
      objectReference: {fileID: 0}
    - target: {fileID: 267697647925580003, guid: fdb13336f2e33714cad66e2ec0a2c7d6, type: 3}
      propertyPath: m_LocalRotation.y
      value: -0
      objectReference: {fileID: 0}
    - target: {fileID: 267697647925580003, guid: fdb13336f2e33714cad66e2ec0a2c7d6, type: 3}
      propertyPath: m_LocalRotation.z
      value: -0
      objectReference: {fileID: 0}
    - target: {fileID: 267697647925580003, guid: fdb13336f2e33714cad66e2ec0a2c7d6, type: 3}
      propertyPath: m_LocalEulerAnglesHint.x
      value: 0
      objectReference: {fileID: 0}
    - target: {fileID: 267697647925580003, guid: fdb13336f2e33714cad66e2ec0a2c7d6, type: 3}
      propertyPath: m_LocalEulerAnglesHint.y
      value: 0
      objectReference: {fileID: 0}
    - target: {fileID: 267697647925580003, guid: fdb13336f2e33714cad66e2ec0a2c7d6, type: 3}
      propertyPath: m_LocalEulerAnglesHint.z
      value: 0
      objectReference: {fileID: 0}
    - target: {fileID: 7410363447021015249, guid: fdb13336f2e33714cad66e2ec0a2c7d6, type: 3}
      propertyPath: weaponList.Array.size
      value: 1
      objectReference: {fileID: 0}
    - target: {fileID: 7410363447021015249, guid: fdb13336f2e33714cad66e2ec0a2c7d6, type: 3}
      propertyPath: weaponList.Array.data[0].health
      value: 300
      objectReference: {fileID: 0}
    - target: {fileID: 7410363447021015249, guid: fdb13336f2e33714cad66e2ec0a2c7d6, type: 3}
      propertyPath: weaponList.Array.data[0].enemyObject
      value: 
      objectReference: {fileID: 8631148090389410685, guid: bbb55277b22adf842b5f217d202ab23c, type: 3}
    m_RemovedComponents: []
  m_SourcePrefab: {fileID: 100100000, guid: fdb13336f2e33714cad66e2ec0a2c7d6, type: 3}
--- !u!4 &2383424154270102485 stripped
Transform:
  m_CorrespondingSourceObject: {fileID: 267697647925580003, guid: fdb13336f2e33714cad66e2ec0a2c7d6, type: 3}
  m_PrefabInstance: {fileID: 2496280847042552630}
  m_PrefabAsset: {fileID: 0}
--- !u!1001 &2496280847059204287
PrefabInstance:
  m_ObjectHideFlags: 0
  serializedVersion: 2
  m_Modification:
    m_TransformParent: {fileID: 2496280847010336921}
    m_Modifications:
    - target: {fileID: 267697647925580002, guid: fdb13336f2e33714cad66e2ec0a2c7d6, type: 3}
      propertyPath: m_Name
      value: SmallEnemyPlaceHolder (13)
      objectReference: {fileID: 0}
    - target: {fileID: 267697647925580003, guid: fdb13336f2e33714cad66e2ec0a2c7d6, type: 3}
      propertyPath: m_RootOrder
      value: 13
      objectReference: {fileID: 0}
    - target: {fileID: 267697647925580003, guid: fdb13336f2e33714cad66e2ec0a2c7d6, type: 3}
      propertyPath: m_LocalPosition.x
      value: -2.2
      objectReference: {fileID: 0}
    - target: {fileID: 267697647925580003, guid: fdb13336f2e33714cad66e2ec0a2c7d6, type: 3}
      propertyPath: m_LocalPosition.y
      value: -19.499998
      objectReference: {fileID: 0}
    - target: {fileID: 267697647925580003, guid: fdb13336f2e33714cad66e2ec0a2c7d6, type: 3}
      propertyPath: m_LocalPosition.z
      value: 0
      objectReference: {fileID: 0}
    - target: {fileID: 267697647925580003, guid: fdb13336f2e33714cad66e2ec0a2c7d6, type: 3}
      propertyPath: m_LocalRotation.w
      value: 1
      objectReference: {fileID: 0}
    - target: {fileID: 267697647925580003, guid: fdb13336f2e33714cad66e2ec0a2c7d6, type: 3}
      propertyPath: m_LocalRotation.x
      value: -0
      objectReference: {fileID: 0}
    - target: {fileID: 267697647925580003, guid: fdb13336f2e33714cad66e2ec0a2c7d6, type: 3}
      propertyPath: m_LocalRotation.y
      value: -0
      objectReference: {fileID: 0}
    - target: {fileID: 267697647925580003, guid: fdb13336f2e33714cad66e2ec0a2c7d6, type: 3}
      propertyPath: m_LocalRotation.z
      value: -0
      objectReference: {fileID: 0}
    - target: {fileID: 267697647925580003, guid: fdb13336f2e33714cad66e2ec0a2c7d6, type: 3}
      propertyPath: m_LocalEulerAnglesHint.x
      value: 0
      objectReference: {fileID: 0}
    - target: {fileID: 267697647925580003, guid: fdb13336f2e33714cad66e2ec0a2c7d6, type: 3}
      propertyPath: m_LocalEulerAnglesHint.y
      value: 0
      objectReference: {fileID: 0}
    - target: {fileID: 267697647925580003, guid: fdb13336f2e33714cad66e2ec0a2c7d6, type: 3}
      propertyPath: m_LocalEulerAnglesHint.z
      value: 0
      objectReference: {fileID: 0}
    - target: {fileID: 7410363447021015249, guid: fdb13336f2e33714cad66e2ec0a2c7d6, type: 3}
      propertyPath: weaponList.Array.size
      value: 1
      objectReference: {fileID: 0}
    - target: {fileID: 7410363447021015249, guid: fdb13336f2e33714cad66e2ec0a2c7d6, type: 3}
      propertyPath: weaponList.Array.data[0].health
      value: 300
      objectReference: {fileID: 0}
    - target: {fileID: 7410363447021015249, guid: fdb13336f2e33714cad66e2ec0a2c7d6, type: 3}
      propertyPath: weaponList.Array.data[0].enemyObject
      value: 
      objectReference: {fileID: 8631148090389410685, guid: bbb55277b22adf842b5f217d202ab23c, type: 3}
    m_RemovedComponents: []
  m_SourcePrefab: {fileID: 100100000, guid: fdb13336f2e33714cad66e2ec0a2c7d6, type: 3}
--- !u!4 &2383424154387671132 stripped
Transform:
  m_CorrespondingSourceObject: {fileID: 267697647925580003, guid: fdb13336f2e33714cad66e2ec0a2c7d6, type: 3}
  m_PrefabInstance: {fileID: 2496280847059204287}
  m_PrefabAsset: {fileID: 0}
--- !u!1001 &2496280847180695568
PrefabInstance:
  m_ObjectHideFlags: 0
  serializedVersion: 2
  m_Modification:
    m_TransformParent: {fileID: 2496280847010336921}
    m_Modifications:
    - target: {fileID: 267697647925580002, guid: fdb13336f2e33714cad66e2ec0a2c7d6, type: 3}
      propertyPath: m_Name
      value: SmallEnemyPlaceHolder (2)
      objectReference: {fileID: 0}
    - target: {fileID: 267697647925580003, guid: fdb13336f2e33714cad66e2ec0a2c7d6, type: 3}
      propertyPath: m_RootOrder
      value: 2
      objectReference: {fileID: 0}
    - target: {fileID: 267697647925580003, guid: fdb13336f2e33714cad66e2ec0a2c7d6, type: 3}
      propertyPath: m_LocalPosition.x
      value: 1.8
      objectReference: {fileID: 0}
    - target: {fileID: 267697647925580003, guid: fdb13336f2e33714cad66e2ec0a2c7d6, type: 3}
      propertyPath: m_LocalPosition.y
      value: -72.899994
      objectReference: {fileID: 0}
    - target: {fileID: 267697647925580003, guid: fdb13336f2e33714cad66e2ec0a2c7d6, type: 3}
      propertyPath: m_LocalPosition.z
      value: 0
      objectReference: {fileID: 0}
    - target: {fileID: 267697647925580003, guid: fdb13336f2e33714cad66e2ec0a2c7d6, type: 3}
      propertyPath: m_LocalRotation.w
      value: 1
      objectReference: {fileID: 0}
    - target: {fileID: 267697647925580003, guid: fdb13336f2e33714cad66e2ec0a2c7d6, type: 3}
      propertyPath: m_LocalRotation.x
      value: -0
      objectReference: {fileID: 0}
    - target: {fileID: 267697647925580003, guid: fdb13336f2e33714cad66e2ec0a2c7d6, type: 3}
      propertyPath: m_LocalRotation.y
      value: -0
      objectReference: {fileID: 0}
    - target: {fileID: 267697647925580003, guid: fdb13336f2e33714cad66e2ec0a2c7d6, type: 3}
      propertyPath: m_LocalRotation.z
      value: -0
      objectReference: {fileID: 0}
    - target: {fileID: 267697647925580003, guid: fdb13336f2e33714cad66e2ec0a2c7d6, type: 3}
      propertyPath: m_LocalEulerAnglesHint.x
      value: 0
      objectReference: {fileID: 0}
    - target: {fileID: 267697647925580003, guid: fdb13336f2e33714cad66e2ec0a2c7d6, type: 3}
      propertyPath: m_LocalEulerAnglesHint.y
      value: 0
      objectReference: {fileID: 0}
    - target: {fileID: 267697647925580003, guid: fdb13336f2e33714cad66e2ec0a2c7d6, type: 3}
      propertyPath: m_LocalEulerAnglesHint.z
      value: 0
      objectReference: {fileID: 0}
    - target: {fileID: 7410363447021015249, guid: fdb13336f2e33714cad66e2ec0a2c7d6, type: 3}
      propertyPath: weaponList.Array.size
      value: 1
      objectReference: {fileID: 0}
    - target: {fileID: 7410363447021015249, guid: fdb13336f2e33714cad66e2ec0a2c7d6, type: 3}
      propertyPath: weaponList.Array.data[0].health
      value: 300
      objectReference: {fileID: 0}
    - target: {fileID: 7410363447021015249, guid: fdb13336f2e33714cad66e2ec0a2c7d6, type: 3}
      propertyPath: weaponList.Array.data[0].enemyObject
      value: 
      objectReference: {fileID: 8631148090389410685, guid: bbb55277b22adf842b5f217d202ab23c, type: 3}
    m_RemovedComponents: []
  m_SourcePrefab: {fileID: 100100000, guid: fdb13336f2e33714cad66e2ec0a2c7d6, type: 3}
--- !u!4 &2383424153595074803 stripped
Transform:
  m_CorrespondingSourceObject: {fileID: 267697647925580003, guid: fdb13336f2e33714cad66e2ec0a2c7d6, type: 3}
  m_PrefabInstance: {fileID: 2496280847180695568}
  m_PrefabAsset: {fileID: 0}
--- !u!1001 &2496280847200634031
PrefabInstance:
  m_ObjectHideFlags: 0
  serializedVersion: 2
  m_Modification:
    m_TransformParent: {fileID: 2496280847010336921}
    m_Modifications:
    - target: {fileID: 267697647925580002, guid: fdb13336f2e33714cad66e2ec0a2c7d6, type: 3}
      propertyPath: m_Name
      value: SmallEnemyPlaceHolder (7)
      objectReference: {fileID: 0}
    - target: {fileID: 267697647925580003, guid: fdb13336f2e33714cad66e2ec0a2c7d6, type: 3}
      propertyPath: m_RootOrder
      value: 7
      objectReference: {fileID: 0}
    - target: {fileID: 267697647925580003, guid: fdb13336f2e33714cad66e2ec0a2c7d6, type: 3}
      propertyPath: m_LocalPosition.x
      value: 3.6
      objectReference: {fileID: 0}
    - target: {fileID: 267697647925580003, guid: fdb13336f2e33714cad66e2ec0a2c7d6, type: 3}
      propertyPath: m_LocalPosition.y
      value: -42.1
      objectReference: {fileID: 0}
    - target: {fileID: 267697647925580003, guid: fdb13336f2e33714cad66e2ec0a2c7d6, type: 3}
      propertyPath: m_LocalPosition.z
      value: 0
      objectReference: {fileID: 0}
    - target: {fileID: 267697647925580003, guid: fdb13336f2e33714cad66e2ec0a2c7d6, type: 3}
      propertyPath: m_LocalRotation.w
      value: 1
      objectReference: {fileID: 0}
    - target: {fileID: 267697647925580003, guid: fdb13336f2e33714cad66e2ec0a2c7d6, type: 3}
      propertyPath: m_LocalRotation.x
      value: -0
      objectReference: {fileID: 0}
    - target: {fileID: 267697647925580003, guid: fdb13336f2e33714cad66e2ec0a2c7d6, type: 3}
      propertyPath: m_LocalRotation.y
      value: -0
      objectReference: {fileID: 0}
    - target: {fileID: 267697647925580003, guid: fdb13336f2e33714cad66e2ec0a2c7d6, type: 3}
      propertyPath: m_LocalRotation.z
      value: -0
      objectReference: {fileID: 0}
    - target: {fileID: 267697647925580003, guid: fdb13336f2e33714cad66e2ec0a2c7d6, type: 3}
      propertyPath: m_LocalEulerAnglesHint.x
      value: 0
      objectReference: {fileID: 0}
    - target: {fileID: 267697647925580003, guid: fdb13336f2e33714cad66e2ec0a2c7d6, type: 3}
      propertyPath: m_LocalEulerAnglesHint.y
      value: 0
      objectReference: {fileID: 0}
    - target: {fileID: 267697647925580003, guid: fdb13336f2e33714cad66e2ec0a2c7d6, type: 3}
      propertyPath: m_LocalEulerAnglesHint.z
      value: 0
      objectReference: {fileID: 0}
    - target: {fileID: 7410363447021015249, guid: fdb13336f2e33714cad66e2ec0a2c7d6, type: 3}
      propertyPath: weaponList.Array.size
      value: 1
      objectReference: {fileID: 0}
    - target: {fileID: 7410363447021015249, guid: fdb13336f2e33714cad66e2ec0a2c7d6, type: 3}
      propertyPath: weaponList.Array.data[0].health
      value: 300
      objectReference: {fileID: 0}
    - target: {fileID: 7410363447021015249, guid: fdb13336f2e33714cad66e2ec0a2c7d6, type: 3}
      propertyPath: weaponList.Array.data[0].enemyObject
      value: 
      objectReference: {fileID: 8631148090389410685, guid: bbb55277b22adf842b5f217d202ab23c, type: 3}
    m_RemovedComponents: []
  m_SourcePrefab: {fileID: 100100000, guid: fdb13336f2e33714cad66e2ec0a2c7d6, type: 3}
--- !u!4 &2383424153707254860 stripped
Transform:
  m_CorrespondingSourceObject: {fileID: 267697647925580003, guid: fdb13336f2e33714cad66e2ec0a2c7d6, type: 3}
  m_PrefabInstance: {fileID: 2496280847200634031}
  m_PrefabAsset: {fileID: 0}
--- !u!1001 &2496280847217192166
PrefabInstance:
  m_ObjectHideFlags: 0
  serializedVersion: 2
  m_Modification:
    m_TransformParent: {fileID: 2496280847010336921}
    m_Modifications:
    - target: {fileID: 3377909348825890664, guid: bdb296293a8b2b945bf04d75922b2c28, type: 3}
      propertyPath: m_RootOrder
      value: 19
      objectReference: {fileID: 0}
    - target: {fileID: 3377909348825890664, guid: bdb296293a8b2b945bf04d75922b2c28, type: 3}
      propertyPath: m_LocalPosition.x
      value: 0
      objectReference: {fileID: 0}
    - target: {fileID: 3377909348825890664, guid: bdb296293a8b2b945bf04d75922b2c28, type: 3}
      propertyPath: m_LocalPosition.y
      value: 14.5
      objectReference: {fileID: 0}
    - target: {fileID: 3377909348825890664, guid: bdb296293a8b2b945bf04d75922b2c28, type: 3}
      propertyPath: m_LocalPosition.z
      value: 0
      objectReference: {fileID: 0}
    - target: {fileID: 3377909348825890664, guid: bdb296293a8b2b945bf04d75922b2c28, type: 3}
      propertyPath: m_LocalRotation.w
      value: 1
      objectReference: {fileID: 0}
    - target: {fileID: 3377909348825890664, guid: bdb296293a8b2b945bf04d75922b2c28, type: 3}
      propertyPath: m_LocalRotation.x
      value: -0
      objectReference: {fileID: 0}
    - target: {fileID: 3377909348825890664, guid: bdb296293a8b2b945bf04d75922b2c28, type: 3}
      propertyPath: m_LocalRotation.y
      value: -0
      objectReference: {fileID: 0}
    - target: {fileID: 3377909348825890664, guid: bdb296293a8b2b945bf04d75922b2c28, type: 3}
      propertyPath: m_LocalRotation.z
      value: -0
      objectReference: {fileID: 0}
    - target: {fileID: 3377909348825890664, guid: bdb296293a8b2b945bf04d75922b2c28, type: 3}
      propertyPath: m_LocalEulerAnglesHint.x
      value: 0
      objectReference: {fileID: 0}
    - target: {fileID: 3377909348825890664, guid: bdb296293a8b2b945bf04d75922b2c28, type: 3}
      propertyPath: m_LocalEulerAnglesHint.y
      value: 0
      objectReference: {fileID: 0}
    - target: {fileID: 3377909348825890664, guid: bdb296293a8b2b945bf04d75922b2c28, type: 3}
      propertyPath: m_LocalEulerAnglesHint.z
      value: 0
      objectReference: {fileID: 0}
    - target: {fileID: 3377909348825890666, guid: bdb296293a8b2b945bf04d75922b2c28, type: 3}
      propertyPath: m_Name
      value: BossPlaceHolder (12)
      objectReference: {fileID: 0}
    m_RemovedComponents: []
  m_SourcePrefab: {fileID: 100100000, guid: bdb296293a8b2b945bf04d75922b2c28, type: 3}
--- !u!4 &883880438920188814 stripped
Transform:
  m_CorrespondingSourceObject: {fileID: 3377909348825890664, guid: bdb296293a8b2b945bf04d75922b2c28, type: 3}
  m_PrefabInstance: {fileID: 2496280847217192166}
  m_PrefabAsset: {fileID: 0}
--- !u!1001 &2496280847375106591
PrefabInstance:
  m_ObjectHideFlags: 0
  serializedVersion: 2
  m_Modification:
    m_TransformParent: {fileID: 2496280847010336921}
    m_Modifications:
    - target: {fileID: 267697647925580002, guid: fdb13336f2e33714cad66e2ec0a2c7d6, type: 3}
      propertyPath: m_Name
      value: SmallEnemyPlaceHolder (4)
      objectReference: {fileID: 0}
    - target: {fileID: 267697647925580003, guid: fdb13336f2e33714cad66e2ec0a2c7d6, type: 3}
      propertyPath: m_RootOrder
      value: 4
      objectReference: {fileID: 0}
    - target: {fileID: 267697647925580003, guid: fdb13336f2e33714cad66e2ec0a2c7d6, type: 3}
      propertyPath: m_LocalPosition.x
      value: 1.8
      objectReference: {fileID: 0}
    - target: {fileID: 267697647925580003, guid: fdb13336f2e33714cad66e2ec0a2c7d6, type: 3}
      propertyPath: m_LocalPosition.y
      value: -68.1
      objectReference: {fileID: 0}
    - target: {fileID: 267697647925580003, guid: fdb13336f2e33714cad66e2ec0a2c7d6, type: 3}
      propertyPath: m_LocalPosition.z
      value: 0
      objectReference: {fileID: 0}
    - target: {fileID: 267697647925580003, guid: fdb13336f2e33714cad66e2ec0a2c7d6, type: 3}
      propertyPath: m_LocalRotation.w
      value: 1
      objectReference: {fileID: 0}
    - target: {fileID: 267697647925580003, guid: fdb13336f2e33714cad66e2ec0a2c7d6, type: 3}
      propertyPath: m_LocalRotation.x
      value: -0
      objectReference: {fileID: 0}
    - target: {fileID: 267697647925580003, guid: fdb13336f2e33714cad66e2ec0a2c7d6, type: 3}
      propertyPath: m_LocalRotation.y
      value: -0
      objectReference: {fileID: 0}
    - target: {fileID: 267697647925580003, guid: fdb13336f2e33714cad66e2ec0a2c7d6, type: 3}
      propertyPath: m_LocalRotation.z
      value: -0
      objectReference: {fileID: 0}
    - target: {fileID: 267697647925580003, guid: fdb13336f2e33714cad66e2ec0a2c7d6, type: 3}
      propertyPath: m_LocalEulerAnglesHint.x
      value: 0
      objectReference: {fileID: 0}
    - target: {fileID: 267697647925580003, guid: fdb13336f2e33714cad66e2ec0a2c7d6, type: 3}
      propertyPath: m_LocalEulerAnglesHint.y
      value: 0
      objectReference: {fileID: 0}
    - target: {fileID: 267697647925580003, guid: fdb13336f2e33714cad66e2ec0a2c7d6, type: 3}
      propertyPath: m_LocalEulerAnglesHint.z
      value: 0
      objectReference: {fileID: 0}
    - target: {fileID: 7410363447021015249, guid: fdb13336f2e33714cad66e2ec0a2c7d6, type: 3}
      propertyPath: weaponList.Array.size
      value: 1
      objectReference: {fileID: 0}
    - target: {fileID: 7410363447021015249, guid: fdb13336f2e33714cad66e2ec0a2c7d6, type: 3}
      propertyPath: weaponList.Array.data[0].health
      value: 300
      objectReference: {fileID: 0}
    - target: {fileID: 7410363447021015249, guid: fdb13336f2e33714cad66e2ec0a2c7d6, type: 3}
      propertyPath: weaponList.Array.data[0].enemyObject
      value: 
      objectReference: {fileID: 8631148090389410685, guid: bbb55277b22adf842b5f217d202ab23c, type: 3}
    m_RemovedComponents: []
  m_SourcePrefab: {fileID: 100100000, guid: fdb13336f2e33714cad66e2ec0a2c7d6, type: 3}
--- !u!4 &2383424153536975612 stripped
Transform:
  m_CorrespondingSourceObject: {fileID: 267697647925580003, guid: fdb13336f2e33714cad66e2ec0a2c7d6, type: 3}
  m_PrefabInstance: {fileID: 2496280847375106591}
  m_PrefabAsset: {fileID: 0}
--- !u!1001 &2496280847386716302
PrefabInstance:
  m_ObjectHideFlags: 0
  serializedVersion: 2
  m_Modification:
    m_TransformParent: {fileID: 2496280847010336921}
    m_Modifications:
    - target: {fileID: 267697647925580002, guid: fdb13336f2e33714cad66e2ec0a2c7d6, type: 3}
      propertyPath: m_Name
      value: SmallEnemyPlaceHolder (1)
      objectReference: {fileID: 0}
    - target: {fileID: 267697647925580003, guid: fdb13336f2e33714cad66e2ec0a2c7d6, type: 3}
      propertyPath: m_RootOrder
      value: 1
      objectReference: {fileID: 0}
    - target: {fileID: 267697647925580003, guid: fdb13336f2e33714cad66e2ec0a2c7d6, type: 3}
      propertyPath: m_LocalPosition.x
      value: -3.3
      objectReference: {fileID: 0}
    - target: {fileID: 267697647925580003, guid: fdb13336f2e33714cad66e2ec0a2c7d6, type: 3}
      propertyPath: m_LocalPosition.y
      value: -68.1
      objectReference: {fileID: 0}
    - target: {fileID: 267697647925580003, guid: fdb13336f2e33714cad66e2ec0a2c7d6, type: 3}
      propertyPath: m_LocalPosition.z
      value: 0
      objectReference: {fileID: 0}
    - target: {fileID: 267697647925580003, guid: fdb13336f2e33714cad66e2ec0a2c7d6, type: 3}
      propertyPath: m_LocalRotation.w
      value: 1
      objectReference: {fileID: 0}
    - target: {fileID: 267697647925580003, guid: fdb13336f2e33714cad66e2ec0a2c7d6, type: 3}
      propertyPath: m_LocalRotation.x
      value: -0
      objectReference: {fileID: 0}
    - target: {fileID: 267697647925580003, guid: fdb13336f2e33714cad66e2ec0a2c7d6, type: 3}
      propertyPath: m_LocalRotation.y
      value: -0
      objectReference: {fileID: 0}
    - target: {fileID: 267697647925580003, guid: fdb13336f2e33714cad66e2ec0a2c7d6, type: 3}
      propertyPath: m_LocalRotation.z
      value: -0
      objectReference: {fileID: 0}
    - target: {fileID: 267697647925580003, guid: fdb13336f2e33714cad66e2ec0a2c7d6, type: 3}
      propertyPath: m_LocalEulerAnglesHint.x
      value: 0
      objectReference: {fileID: 0}
    - target: {fileID: 267697647925580003, guid: fdb13336f2e33714cad66e2ec0a2c7d6, type: 3}
      propertyPath: m_LocalEulerAnglesHint.y
      value: 0
      objectReference: {fileID: 0}
    - target: {fileID: 267697647925580003, guid: fdb13336f2e33714cad66e2ec0a2c7d6, type: 3}
      propertyPath: m_LocalEulerAnglesHint.z
      value: 0
      objectReference: {fileID: 0}
    m_RemovedComponents: []
  m_SourcePrefab: {fileID: 100100000, guid: fdb13336f2e33714cad66e2ec0a2c7d6, type: 3}
--- !u!4 &2383424153925941357 stripped
Transform:
  m_CorrespondingSourceObject: {fileID: 267697647925580003, guid: fdb13336f2e33714cad66e2ec0a2c7d6, type: 3}
  m_PrefabInstance: {fileID: 2496280847386716302}
  m_PrefabAsset: {fileID: 0}
