%YAML 1.1
%TAG !u! tag:unity3d.com,2011:
--- !u!1 &1722302873
GameObject:
  m_ObjectHideFlags: 0
  m_CorrespondingSourceObject: {fileID: 0}
  m_PrefabInstance: {fileID: 0}
  m_PrefabAsset: {fileID: 0}
  serializedVersion: 6
  m_Component:
  - component: {fileID: 1722302874}
  - component: {fileID: 1722302875}
  - component: {fileID: 353088839}
  m_Layer: 14
  m_Name: MenuBackground
  m_TagString: Untagged
  m_Icon: {fileID: 0}
  m_NavMeshLayer: 0
  m_StaticEditorFlags: 0
  m_IsActive: 1
--- !u!4 &1722302874
Transform:
  m_ObjectHideFlags: 0
  m_CorrespondingSourceObject: {fileID: 0}
  m_PrefabInstance: {fileID: 0}
  m_PrefabAsset: {fileID: 0}
  m_GameObject: {fileID: 1722302873}
  m_LocalRotation: {x: -0, y: -0, z: -0, w: 1}
  m_LocalPosition: {x: 0, y: 0, z: 0}
  m_LocalScale: {x: 40, y: 40, z: 40}
  m_ConstrainProportionsScale: 1
  m_Children: []
  m_Father: {fileID: 7292119167178443558}
  m_RootOrder: 0
  m_LocalEulerAnglesHint: {x: 0, y: 0, z: 0}
--- !u!212 &1722302875
SpriteRenderer:
  m_ObjectHideFlags: 0
  m_CorrespondingSourceObject: {fileID: 0}
  m_PrefabInstance: {fileID: 0}
  m_PrefabAsset: {fileID: 0}
  m_GameObject: {fileID: 1722302873}
  m_Enabled: 1
  m_CastShadows: 0
  m_ReceiveShadows: 0
  m_DynamicOccludee: 1
  m_StaticShadowCaster: 0
  m_MotionVectors: 1
  m_LightProbeUsage: 1
  m_ReflectionProbeUsage: 1
  m_RayTracingMode: 0
  m_RayTraceProcedural: 0
  m_RenderingLayerMask: 1
  m_RendererPriority: 0
  m_Materials:
  - {fileID: 10754, guid: 0000000000000000f000000000000000, type: 0}
  m_StaticBatchInfo:
    firstSubMesh: 0
    subMeshCount: 0
  m_StaticBatchRoot: {fileID: 0}
  m_ProbeAnchor: {fileID: 0}
  m_LightProbeVolumeOverride: {fileID: 0}
  m_ScaleInLightmap: 1
  m_ReceiveGI: 1
  m_PreserveUVs: 0
  m_IgnoreNormalsForChartDetection: 0
  m_ImportantGI: 0
  m_StitchLightmapSeams: 1
  m_SelectedEditorRenderState: 0
  m_MinimumChartSize: 4
  m_AutoUVMaxDistance: 0.5
  m_AutoUVMaxAngle: 89
  m_LightmapParameters: {fileID: 0}
  m_SortingLayerID: 1503257297
  m_SortingLayer: 9
  m_SortingOrder: -1
  m_Sprite: {fileID: 7482667652216324306, guid: 311925a002f4447b3a28927169b83ea6, type: 3}
  m_Color: {r: 0.73333335, g: 0.99215686, b: 0.8712802, a: 1}
  m_FlipX: 0
  m_FlipY: 0
  m_DrawMode: 0
  m_Size: {x: 1, y: 1}
  m_AdaptiveModeThreshold: 0.5
  m_SpriteTileMode: 0
  m_WasSpriteAssigned: 1
  m_MaskInteraction: 0
  m_SpriteSortPoint: 0
--- !u!328 &353088839
VideoPlayer:
  m_ObjectHideFlags: 0
  m_CorrespondingSourceObject: {fileID: 0}
  m_PrefabInstance: {fileID: 0}
  m_PrefabAsset: {fileID: 0}
  m_GameObject: {fileID: 1722302873}
  m_Enabled: 1
  m_VideoClip: {fileID: 32900000, guid: 138aca78ab8bcef44951f4e02071daf7, type: 3}
  m_TargetCameraAlpha: 1
  m_TargetCamera3DLayout: 0
  m_TargetCamera: {fileID: 0}
  m_TargetTexture: {fileID: 0}
  m_TimeReference: 0
  m_TargetMaterialRenderer: {fileID: 0}
  m_TargetMaterialProperty: <noninit>
  m_RenderMode: 3
  m_AspectRatio: 2
  m_DataSource: 0
  m_PlaybackSpeed: 1
  m_AudioOutputMode: 2
  m_TargetAudioSources:
  - {fileID: 0}
  m_DirectAudioVolumes:
  - 1
  m_Url: 
  m_EnabledAudioTracks: 01
  m_DirectAudioMutes: 00
  m_ControlledAudioTrackCount: 1
  m_PlayOnAwake: 1
  m_SkipOnDrop: 1
  m_Looping: 1
  m_WaitForFirstFrame: 1
  m_FrameReadyEventEnabled: 0
  m_VideoShaders: []
--- !u!1 &7292119167178443556
GameObject:
  m_ObjectHideFlags: 0
  m_CorrespondingSourceObject: {fileID: 0}
  m_PrefabInstance: {fileID: 0}
  m_PrefabAsset: {fileID: 0}
  serializedVersion: 6
  m_Component:
  - component: {fileID: 7292119167178443558}
  - component: {fileID: 7292119167178443557}
  m_Layer: 14
  m_Name: MenuManager
  m_TagString: Untagged
  m_Icon: {fileID: 0}
  m_NavMeshLayer: 0
  m_StaticEditorFlags: 0
  m_IsActive: 1
--- !u!4 &7292119167178443558
Transform:
  m_ObjectHideFlags: 0
  m_CorrespondingSourceObject: {fileID: 0}
  m_PrefabInstance: {fileID: 0}
  m_PrefabAsset: {fileID: 0}
  m_GameObject: {fileID: 7292119167178443556}
  m_LocalRotation: {x: 0, y: 0, z: 0, w: 1}
  m_LocalPosition: {x: 2.4167738, y: 7.105766, z: 1.5366241}
  m_LocalScale: {x: 1, y: 1, z: 1}
  m_ConstrainProportionsScale: 0
  m_Children:
  - {fileID: 1722302874}
  m_Father: {fileID: 0}
  m_RootOrder: 0
  m_LocalEulerAnglesHint: {x: 0, y: 0, z: 0}
--- !u!114 &7292119167178443557
MonoBehaviour:
  m_ObjectHideFlags: 0
  m_CorrespondingSourceObject: {fileID: 0}
  m_PrefabInstance: {fileID: 0}
  m_PrefabAsset: {fileID: 0}
  m_GameObject: {fileID: 7292119167178443556}
  m_Enabled: 1
  m_EditorHideFlags: 0
  m_Script: {fileID: 11500000, guid: 27f876fa5cbdab2498c2a1d7b76b0233, type: 3}
  m_Name: 
  m_EditorClassIdentifier: 
  buttons: {fileID: 0}
  textAreas: {fileID: 0}
  menuBackground: {fileID: 1722302873}
